4650 5525
1970 441 1986 472 ι

669 562 785 641 nil
832 579 985 653 est,
1057 557 1205 639 nisi
1281 558 1711 648 conductor
1776 556 2305 634 vibrationum
2363 556 2562 634 uacci
2611 558 3094 637 muhdar-is
3131 558 3244 637 ‘nd
3299 559 3679 674 fenestrae
3732 573 3856 644 mla

674 694 967 773 tundao
1042 696 1594 774 membranam.
1711 694 1937 791 Quae
2002 707 2444 794 sequnntur
2483 709 2934 770 structurae
2978 692 3420 798 uarietates,
3492 695 3648 774 iam
3695 698 3858 776 ela·-

678 829 844 905 rius
894 848 1312 933 utramque
1378 846 1681 935 partem
1746 823 2172 904 functionis
2234 821 2878 926 complectuntur.
2982 827 3256 901 Restatz
3283 824 3478 902 sacci
3529 827 3698 906 loco
3746 829 3856 914 lar-

671 983 863 1063 gena
916 960 1248 1037 validior
1296 988 1387 1036 ac
1435 960 1684 1035 maior
1732 956 1819 1032 in
1866 954 2366 1061 serpentibus
2413 955 2942 1058 Lacertisque‚
3017 955 3345 1049 firmiori
3409 969 3860 1037 autuman-i

673 1094 1452 1197 nulo'cartilagineo,
1501 1075 2047 1180 fundam'ento,
2119 1105 2495 1182 ornatur;
2545 1090 2828 1192 ancipit
2876 1086 3084 1164 idem
3150 1087 3562 1166 dimidiam
3634 1094 3858 1170 nervi

683 1207 1001 1302 acustici
1054 1245 1395 1331 partem,
1464 1242 1558 1300 ut
1630 1223 1716 1298 in
1783 1223 1944 1327 ipsa
2010 1221 2313 1324 lagena,
2379 1219 2637 1298 forsan
2702 1220 2858 1295 iam
2919 1219 3022 1298 in
3060 1221 3596 1297 membranula
3646 1223 3868 1308 inter,

676 1359 1165 1462 cartilagines
1210 1383 1569 1464 expansa,
1628 1354 2083 1431 dirametur.
2152 1356 2425 1429 -Po‘rro
2474 1351 2768 1428 canalis
2806 1379 3052 1428 osseus
3097 1352 3255 1428 iam
3306 1354 3544 1455 magia
3573 1355 3864 1457 magia-⁵·

669 1515 825 1592 que
902 1518 945 1566 a
997 1491 1273 1570 ceteris
1334 1488 1767 1595 labyrinthi
1828 1488 2013 1568 ossei
2079 1486 2433 1594 partibus
2498 1504 2935 1591 separatur,
3016 1493 3112 1562 et‘
3157 1513 3254 1562 ex
3301 1488 3458 1563 situ
3503 1487 3864 1563 horizon}-

676 1623 854 1712 tali,
930 1648 1170 1726 quem
1235 1623 1320 1697 in
1377 1607 1911 1699 testudineae
1971 1621 2268 1697 fem-in
2315 1619 2818 1725 Ser-pentibus
2865 1636 2944 1695 et
2989 1622 3323 1696 Lacertis
3390 1638 3858 1720 notriverat,

674 1755 947 1831 transit
1013 1756 1101 1831 in
1151 1753 1557 1832 Crocodilo
1639 1757 1725 1831 in
1789 1753 2533 1861 perpendicularem.
2660 1751 3046 1842 Flexioni,
3119 1779 3321 1855 quae
3391 1752 3475 1850 in
3526 1752 3858 1854 Lacertis

672 1887 1329 1992 Serpentibusque
1381 1916 1540 1966 una
1590 1888 1858 1988 saltem
1907 1907 2074 1963 erat
2122 1889 2222 1962 ab
2271 1904 2584 1961 externa
2634 1885 2941 1988 regione
2986 1909 3242 1962 versus
3291 1908 3509 1958 axem
3559 1884 3806 1958 cranii
3833 1943 3852 1975 ‚

680 2015 918 2094 altera
985 2017 1071 2104 in
1122 2003 1529 2098 Crocodilo
1596 2021 1932 2096 sociatur
2009 2036 2422 2106 curvatura
2493 2043 2752 2094 versus
2823 2015 3173 2144 occiput,
3239 2011 3566 2092 'initium
3617 2014 3858 2089 flexu·-

672 2173 804 2226 rae
849 2150 1171 2255 spiralis
1276 2152 1427 2228 Hic
1476 2151 1691 2230 enim
1743 2151 1899 2241 iam
1948 2142 2212 2240 omnia
2264 2149 2367 2225 ad
2414 2177 2590 2230 eam.
2636 2149 3200 2226 absolutionem
3254 2145 3609 2243 tendunt,
3664 2147 3862 2222 eius-

673 2305 829 2382 que
897 2280 1250 2386 produnt
1324 2283 1669 2385 vestigia,
1774 2309 2011 2386 quam
2078 2284 2163 2357 in
2230 2281 2915 2357 mammiferorum
2970 2279 3280 2362 cochlea
3353 2277 3854 2362 admiramur

674 2412 981 2486 Canalis
1048 2411 1467 2488 cochlearis
1535 2414 2047 2516 amplissimus
2098 2413 2327 2492 initio
2413 2412 2663 2494 media
2717 2425 2941 2518 parte
2989 2410 3425 2516 quidquam
3471 2409 3861 2490 contrahi-

673 2558 867 2630 tur,-
929 2540 1377 2624 intumescit
1444 2542 1728 2624 iterum
1777 2543 1878 2617 ad
1946 2546 2291 2647 apicem3
2360 2548 2558 2620 scala
2626 2544 2983 2619 vestibuli
3051 2545 3321 2618 crescit
3370 2531 3916 2645 longitudine‘

572 2757 576 2765 ‚
672 2691 749 2749 et
799 2674 1194 2779 prominet
1243 2700 1476 2779 supra
1525 2674 1805 2751 scalam
1850 2675 2248 2768 vestibuli3
2321 2673 2809 2779 cartilagines
2877 2699 3168 2750 munus
3214 2674 3649 2780 suscipiunt
3698 2673 3863 2747 eius

674 2805 1447 2881 circummuniendae
1517 2807 2014 2883 membranae
2042 2866 2062 2900 ,
2112 2816 2123 2826 “
2166 2834 2368 2911 quae
2436 2834 2529 2883 ex
2592 2809 2842 2914 specie
2898 2825 3214 2885 externa
3273 2834 3655 2884 summam
3706 2835 3864 2901 om-

676 2936 903 3010 nium
979 2937 1328 3041 partium
1378 2938 1898 3013 evolutionem
1946 2958 2499 3017 commonstrat
2554 2928 2911 3016 'laminae
2960 2936 3332 3042 spir-alis3'
3383 2941 3651 3040 lagena
3705 2964 3862 3013 ma·

674 3065 1086 3168 gnitudine
1153 3064 1560 3160 decrescit,·
1629 3069 2012 3145 accedunt
2082 3068 2456 3173 denique,
2532 3071 2796 3171 quales
2863 3066 2949 3143 in
3021 3066 3281 3156 oculo,
3360 3068 3860 3141 membranae

671 3201 1117 3303 vasculosae2
1219 3202 1409 3273 Fere
1461 3226 1627 3275 non
1669 3217 1778 3274 est
1830 3198 2266 3275 differentia
2322 3206 2531 3275 inter
2576 3196 3051 3275 structuram
3089 3193 3444 3272 cochleae
3501 3196 3863 3272 Crocodi-

674 3330 731 3404 li
783 3350 862 3406 et
927 3332 1184 3407 avium
1200 3366 1222 3428 3
1290 3357 1492 3436 quae
1558 3331 1655 3407 de
1720 3332 1894 3422 illa,
1960 3330 2056 3406 de
2119 3332 2267 3406 hac
2340 3358 2656 3436 quoque
2706 3330 2905 3425 dixi3
2985 3331 3144 3406 sola
3193 3331 3574 3405 vasculosa‘
3626 3355 3863 3404 mem-

674 3461 918 3538 brana
972 3482 1116 3552 est,
1189 3490 1390 3565 quae
1459 3462 2003 3567 magnitudine
2065 3464 2367 3554 crescit,
2436 3490 2527 3537 ac
2537 3461 2822 3569 magis
2885 3485 3283 3537 secernens
3331 3486 3481 3579 esse
3528 3459 3858 3537 videtur

673 3594 969 3690 Aliam,
1040 3593 1185 3668 nisi
1260 3593 1589 3670 formam
1654 3595 2186 3696 flexuramque
2238 3593 2421 3667 ossei
2475 3593 2762 3667 canalis
2812 3593 3259 3696 respexeris,
3336 3593 3463 3669 vix
3518 3592 3856 3673 invenies

677 3719 1237 3813 differentiam,
1289 3726 1397 3801 ita
1461 3745 1554 3801 ut
1616 3728 1893 3802 merito
1953 3696 2343 3801 affirmare
2375 3726 2685 3835 liceat,
2756 3722 2971 3829 quod
3020 3722 3122 3796 ad
3188 3722 3392 3797 hanc
3464 3721 3861 3799 cochleam

683 3871 1012 3957 spectat,
1081 3857 1286 3933 nihil
1356 3856 1766 3935 desiderari
1834 3857 2181 3934 medium
2254 3858 2464 3933 inter
2506 3856 2643 3932 has
2690 3880 3002 3959 magnas
3049 3854 3510 3931 animalium
3561 3855 3860 3960 classes,

682 4003 838 4063 tam
915 3985 1276 4063 distincte
1346 4009 1685 4066 secretas.
1786 3989 2157 4094 Idemque
2221 3987 2383 4063 fere
2432 4013 2522 4061 ex
2595 3987 3016 4064 novissimis
3065 3985 3719 4064 observationibus
3768 3984 3864 4060 de

496 4162 575 4189 ..ι
685 4118 1014 4231 transitu
1067 4120 1327 4195 avium
1395 4118 1496 4195 ad
1565 4123 2047 4199 mammifera
2111 4118 2575 4200 contendere
2627 4119 3073 4224 poterimus.
3173 4117 3521 4224 Respicio
3570 4116 3702 4195 hic
3763 4115 3863 4193 ad

678 4250 1236 4327 observationes
1276 4253 1738 4330 Meckelii
1771 4254 1872 4352 6²³)
1941 4254 2037 4330 de
2070 4250 2378 4332 cochlea
2421 4252 2996 4355 ornithorynchi
3056 4270 3135 4328 et
3167 4250 3270 4328 ad
3308 4252 3865 4361 accuratiorem

770 4638 888 4715 68)
931 4640 1238 4703 Conducit
1278 4643 1560 4725 (fenestra
1599 4645 1883 4727 rotunda)
1925 4622 2236 4710 cochleam
2281 4668 2502 4732 parum
2544 4648 3034 4732 prominentem3
3099 4642 3202 4707 sed
3243 4612 3597 4705 latissimam
3639 4642 3866 4701 intror-

874 4802 891 4817 .
918 4779 1031 4855 ‘uus
1072 4778 1406 4823 convexam
1433 4809 1452 4840 ,
1511 4774 1853 4827 extrorsum
1892 4783 2224 4829 concavam
2247 4807 2268 4847 ‚
2341 4766 2506 4827 cirea
2545 4763 2882 4827 modiolum
2943 4760 3163 4826 flexam
3202 4772 3265 4825 et
3306 4762 3371 4824 in
3431 4756 3680 4820 scalam-
3699 4777 3868 4842 supe·
