4650 5525
20 2211 97 2520 W
20 1761 81 2170 sswrw

20 2689 51 2777 ΓἻ

22 3322 33 3363 -ιι-
22 3250 59 3313 Er
22 3158 35 3237 Μὴν
22 2962 87 3139 *W*

58 3278 69 3287 ¹*
72 3098 83 3107 ff
58 3012 77 3071 aa·
58 2962 75 2969 t

26 4062 33 4107 *2
44 4038 45 4041 2
24 3500 105 4017 ew

2160 237 2516 370 ...50
2633 333 2753 352 ...-

827 536 1064 640 magis
1116 539 1556 626 mut'entur,
1627 561 1768 642 per
1832 561 2109 612 novam
2176 534 2845 641 permutationum
2911 534 3180 611 seriem
3245 560 3336 612 eo
3403 536 3765 632 ducitur,
3844 566 4006 642 quo

827 667 1191 745 omnibus
1256 668 1600 744 numeris
1679 667 2234 744 absolutissima
2327 668 2415 742 in
2480 665 2800 744 homine
2862 666 3356 772 conspicitur·
3478 668 3803 773 Lapides
3885 671 4004 748 illi

825 821 963 878 aut
1011 802 1530 877 concretiones
1577 801 1816 905 magis
1863 801 2209 876 minusve
2261 798 2501 878 durae
2551 800 2640 875 in
2690 824 2982 875 recessu
3027 800 3223 877 sacci
3301 801 3749 878 vestibulari
3799 802 4007 907 Sepi-

827 962 1079 1017 arum,
1168 931 1499 1037 piscium
1566 951 1644 1007 et
1709 931 2294 1037 amphibiorum
2361 950 2655 1038 puncta
2720 932 2870 1008 fixa
2935 932 3134 1008 mibi
3201 931 3608 1021 videntur,
3657 959 4006 1036 quorum

822 1090 965 1169 ope
1048 1063 1352 1142 facilius
1414 1064 1580 1140 soni
1648 1063 2114 1139 vibrationes
2161 1061 2599 1154 ducuntur,
2651 1064 2950 1169 quique
3021 1063 3348 1144 eandem
3398 1065 3500 1140 ob
3551 1092 3856 1144 causam
3907 1075 3997 1142 e'o

818 1196 1141 1272 maiores
1225 1196 1757 1299 firmioresque
1832 1214 2291 1286 occurrunt,
2367 1225 2526 1300 quo
2587 1196 2837 1272 maior
2880 1222 3139 1273 saccus
3198 1215 3311 1272 est
3358 1194 3483 1291 66).
3583 1199 4004 1276 Maximam

823 1325 995 1403 ideo
1042 1327 1564 1404 evolutionem
1614 1327 1702 1403 in
1749 1326 2091 1432 piscibus
2139 1328 2359 1404 osseis
2406 1348 2486 1405 et
2533 1327 2741 1406 inter
2789 1327 3187 1433 amphibia
3254 1328 3341 1404 in
3396 1328 3778 1406 testudine
3840 1330 4004 1435 ipsa

822 1477 1297 1544 monstrant,
1366 1485 1571 1564 quae
1637 1459 1959 1535 cavitate
2023 1459 2508 1545 vestibulari,
2576 1485 2883 1537 saccum
2951 1457 3482 1536 circumdante
3530 1460 4000 1565 amplissima

821 1590 1171 1694 praedita
1218 1609 1350 1667 est.

1018 1794 1371 1869 Primum
1437 1793 1680 1898 igitur
1733 1796 1816 1872 in
1868 1793 2308 1902 Amphibiis
2355 1795 2772 1902 squamatis
2822 1796 3212 1900 cochleam
3262 1796 3729 1888 invenimus,
3799 1796 3996 1873 eius-

814 1949 969 2028 que
1037 1924 1296 2029 prima
1367 1923 1592 2002 initia
1666 1923 1752 2036 in
1820 1927 2221 2004 testudine.
2341 1929 2668 2008 cochlea
2734 1927 3043 2006 auditui
3109 1930 3570 2007 accuratiori
3635 1929 3997 2018 inservit,

812 2056 888 2133 h.
961 2083 1020 2133 e.
1091 2057 1227 2133 ubi
1298 2057 1606 2134 cochlea
1670 2055 1882 2135 adest
1961 2057 2520 2136 excellentioris
2582 2059 3015 2137 structurae
3090 2085 3270 2134 cum
3340 2055 3800 2134 admiranda
3855 2053 3991 2133 illa

814 2214 1232 2265 nervorum
1296 2187 1851 2279 diramatione‚
1934 2191 2047 2267 ibi
2115 2213 2318 2269 certe
2394 2191 2605 2268 auris
2658 2192 2868 2267 illius
2917 2216 3061 2297 ope
3109 2217 3479 2267 sonorum
3530 2188 4000 2264 differentias

821 2321 1219 2426 percipere
1268 2339 1555 2426 potest,
1646 2322 1745 2398 ab
1794 2350 1880 2399 ea
1934 2349 2162 2410 aure,
2231 2351 2432 2427 quae
2487 2324 2621 2400 tali
2674 2353 2961 2428 organo
3016 2343 3259 2411 caret,
3310 2331 3474 2400 n'on
3521 2318 4001 2398 animadver-

816 2451 1082 2528 tendas
1150 2479 1240 2526 ac
1304 2449 1753 2530 sentiendas.
1857 2455 2145 2533 Omnes
2195 2476 2456 2532 autem
2506 2456 3009 2545 vibrationes,
3079 2484 3273 2560 quas
3319 2456 3588 2547 sentit,
3639 2479 3781 2559 per
3832 2451 4006 2527 illas

812 2581 1439 2659 membranarum
1510 2583 2099 2662 vestibularium
2163 2583 2470 2662 cochlea
2520 2587 3038 2677 solummodO,
3110 2588 3228 2662 uti
3281 2585 3596 2676 dicunt,
3664 2582 4002 2659 mediate

815 2711 1159 2821 accipere
1205 2734 1518 2821 potest,
1585 2744 1835 2820 quum
1885 2715 2262 2796 motiones
2313 2719 2824 2796 ossiculorum
2876 2717 3190 2795 auditus
3243 2693 3550 2793 tantum
3602 2741 3783 2790 cum
3833 2741 4005 2790 ova-

814 2836 908 2924 lis
958 2847 1331 2925 fenestrae
1381 2848 1831 2923 membrana
1907 2852 2604 2927 communicentur.
2726 2849 2919 2925 Inde
2968 2850 3119 2923 alia
3197 2874 3376 2953 pars
3421 2874 3512 2921 ac
3561 2873 3723 2920 non
3772 2843 4005 2920 mini-

816 2998 939 3055 ma
1007 2979 1328 3083 quidem
1389 2976 1816 3056 functionis
1887 2982 2240 3059 cochleae
2303 2978 2819 3091 inprimisque
2869 2980 3243 3058 fenestrae
3299 2976 3682 3056 rotundae
3728 2954 4006 3054 elucetss

814 3112 1258 3188 Plurimum
1307 3111 1408 3189 ad
1459 3110 2023 3191 distinctiorem
2071 3142 2440 3193 sonorum
2494 3114 3070 3220 perceptionem
3123 3111 3459 3201 confert,
3513 3129 3605 3185 ut
3639 3106 4004 3185 vibratio-

819 3271 953 3321 nes
1019 3246 1650 3320 membranarum
1736 3248 2229 3350 aquulaeque
2291 3248 2631 3322 reclusae
2716 3274 2877 3322 non
2942 3274 2988 3321 a
3060 3245 3257 3320 dura
3314 3271 3513 3320 ossea
3592 3239 4002 3317 circumfe-

813 3360 1064 3450 rentia
1130 3370 1483 3449 vestibuli
1554 3368 2160 3480 prohibeantur,
2234 3375 2475 3451 immo
2546 3374 3047 3464 reiiciantur,
3139 3371 3271 3448 sed
3336 3393 3429 3448 ut
3503 3397 3647 3476 per
3731 3370 3999 3447 molles

815 3502 1169 3583 cochleae
1219 3523 1473 3610 partes
1522 3502 1622 3579 ad
1673 3506 2207 3583 membranam
2256 3504 2545 3582 iterum
2594 3504 3148 3613 perducantur,
3173 3504 3260 3580 in
3309 3531 3468 3608 qua
3515 3496 3852 3590 suavius,
3906 3520 3999 3576 ut

818 3640 924 3714 ita
977 3636 1266 3726 dicam,
1346 3632 1818 3717 minuantur
1880 3657 2116 3744 atque
2190 3632 3004 3743 exstinguantur'67).’
3056 3641 3180 3715 Et·
3208 3636 3396 3711 huic
3444 3628 3766 3737 quidem
3814 3632 4000 3707 ulti-

820 3796 989 3845 mae
1041 3769 1247 3874 parti
1300 3758 1729 3849 fuhctionis
1778 3770 2197 3863 cochleae}
2241 3772 2327 3848 ni
2379 3770 2643 3859 fallor,
2696 3771 3005 3848 cochlea
3059 3764 3462 3845 testudinis
3511 3762 3744 3839 unice'
3789 3764 4001 3841 satis-

814 3898 1063 4007 ,facere
1092 3928 1257 4006 ,par
1323 3918 1451 3975 est.
1552 3903 1854 3994 saccus,
1919 3900 2086 3980 sine
2150 3926 2569 3985 nervorum
2618 3892 3130 3980 diramatione
3177 3898 3585 4003 hucusque
3635 3898 3941 4003 cognita
3972 3955 3994 3988 ,

903 4337 1016 4423 66)
1065 4328 1131 4401 Μ
1144 4343 1186 4401 ti
1206 4338 1312 4401 lle
1327 4360 1360 4400 r
1414 4332 1695 4401 Aussichc
1755 4356 1866 4401 zm⁵
1915 4340 2302 4423 Physiologie
2369 4340 2477 4405 des
2541 4342 2956 4406 comminues.
3044 4340 3312 4421 Anhang
3359 4358 3469 4398 zur
3509 4333 3993 4417 vergleichenden

857 4440 868 4450 ’
1062 4456 1445 4539 Physiologie
1486 4457 1592 4517 des
1639 4457 2093 4518 Gestchtsinnes.
2138 4479 2273 4542 pag.
2304 4455 2449 4543 439.
2487 4448 2502 4465 ’
2535 4508 2546 4531 ,

895 4603 996 4690 67)
1040 4603 1330 4666 ΜῆῙΙθΓ
1387 4602 1522 4666 ¹000
1562 4605 1747 4667 modu
1788 4605 1960 4701 laud.
2003 4629 2144 4691 pag.
2168 4606 2316 4688 445.
2403 4610 2543 4670 Non
2587 4607 2764 4675 aliter
2815 4629 2915 4670 τω
2955 4627 3021 4668 se
3047 4600 3235 4669 h‘abet
3273 4625 3413 4665 cum
3454 4600 3768 4663 canalibus
3806 4597 3987 4662 semi-

1064 4718 1461 4785 circularibus
1478 4764 1499 4798 ,
1541 4725 1650 4810 qui
1690 4731 1833 4808 post
1867 4744 2157 4808 magnum
2192 4727 2518 4790 circuitum
2547 4726 2627 4790 ad
2667 4724 3087 4797 membranam
3123 4721 3375 4800 mollem
3415 4720 3818 4787 reducuntur·
