4650 5525
30 4520 55 4605 “ml
30 4048 91 4477 ἰᾞῇῗῗξῗζὼῧ
30 3922 83 4025 Fal-'¹⁴2
40 3854 85 3903 2¹¹⁴
64 3828 73 3833 ΛΑ
32 3738 73 3811 ’ἷιμ
30 3676 69 3715 tv
30 3602 33 3619 r-
36 3548 59 3555 5
42 3496 67 3501 ἔ
68 3406 71 3409 .
48 3378 51 3383 ·
36 3260 57 3267 ,⁰
44 3200 59 3213 ἡ
30 3082 85 3163 τί(

80 4294 97 4359 'k.·'
76 4126 91 4145 ·',
76 4090 83 4103 ⁰'
84 4022 95 4033 ν,
84 3926 87 3927 ,
88 3874 93 3883 ,
94 3838 97 3839 ¹
76 3746 99 3777 «L
94 3392 97 3395 .

34 5274 55 5293 κ,
32 5216 37 5221 -
30 5178 63 5203 s
30 5092 59 5147 ’ἢ
30 5036 71 5081 ἓν]
30 4858 65 5015 ³³:452

2207 296 2744 383 ...8.-

917 555 1328 660 obtegunt,
1389 557 1499 634 ita
1544 572 1638 633 ut
1694 556 2048 662 superior
2102 552 2587 633 solummodo
2636 531 3077 663 superficies
3133 554 3535 662 adpareat,
3597 543 3683 640 in
3732 585 3891 667 qua
3945 589 4088 670 per

920 714 1002 764 os
1045 688 1301 793 ipsum
1371 690 1750 767 intactum
1794 687 2203 765 decursum
2259 689 2653 765 canalium
2720 689 3033 765 iamiam
3081 687 3337 765 videre
3383 690 3602 782 licet,
3653 713 3732 772 et
3768 698 4087 803 superfi-

922 819 1071 896 cies
1120 820 1462 897 inferior.
1564 825 1660 898 In
1712 821 1860 897 hac
1895 819 2335 925 superficie,
2386 822 2506 895 vel
2551 820 2614 896 si
2659 820 3088 906 accuratius
3132 819 3463 897 definire
3506 823 3760 918 lubet,
3828 827 3913 906 in
3953 854 4090 905 an-

922 950 1139 1053 gulo,
1189 979 1347 1054 quo
1398 953 1648 1060 paries
1690 953 2015 1029 inferior
2067 952 2426 1028 vestibuli
2487 977 2667 1030 cum
2712 973 3026 1030 externo
3079 954 3472 1039 convenit,
3531 954 3879 1035 foramen
3932 988 4091 1037 ma-

922 1108 1164 1184 gnum
1204 1084 1669 1176 rotundum,
1709 1086 2073 1183 fenestra
2132 1085 2367 1159 uvalis
2414 1085 2908 1190 conspicitur.
3011 1086 3219 1161 Haec
3275 1088 3645 1191 operculo
3711 1091 4089 1194 cartilagi-

922 1239 1104 1306 neo‚
1192 1217 1673 1320 marginibus
1747 1217 1968 1295 firmo
2038 1217 2456 1320 ligamento
2518 1216 3023 1308 adhaerente,
3090 1242 3344 1321 neque
3408 1221 3750 1297 multum
3813 1222 4087 1298 mobili

923 1345 1214 1436 clausa,
1273 1367 1352 1423 et
1406 1349 1967 1426 muscularibus
2011 1349 2262 1425 stratis
2315 1375 2630 1453 prorsus
2676 1351 2973 1427 obtecta
3013 1367 3140 1427 est.
3257 1351 3510 1428 Situm
3552 1351 4090 1429 directionem-

920 1502 1077 1577 que
1165 1476 1401 1556 huius
1492 1482 1866 1586 fenestrae
1935 1481 2133 1555 bene
2223 1478 2811 1557 delineaverunt
2895 1484 3234 1587 Scarpa
3290 1479 3411 1577 ²⁶)
3492 1501 3574 1559 et
3629 1483 3873 1560 Pohl
3950 1482 4087 1577 27).

920 1609 1238 1686 Remoto
1302 1610 1451 1691 hoc
1536 1615 1901 1718 operculo
1962 1630 2191 1688 restat
2267 1611 2713 1689 membrana
2797 1614 3124 1689 maxime
3191 1614 3478 1705 tenuis,
3557 1639 3758 1718 quac
3787 1664 3806 1701 ‚
3872 1615 4086 1719 quod

921 1739 1220 1842 primus
1291 1742 1497 1835 vidi,
1586 1745 1996 1825 fenestram
2044 1742 2308 1820 adhuc
2375 1743 2750 1833 occludit,
2832 1763 2910 1820 et
2986 1746 3053 1821 si
3112 1743 3452 1823 detracta
3510 1765 3621 1822 est
3649 1761 3686 1837 ,¹
3756 1749 4087 1822 canalem

918 1896 1208 1950 osseum
1258 1896 1617 1982 apertum
1681 1878 1903 1982 nobis
1952 1876 2324 1967 ostendit,
2398 1879 2583 1979 qui,
2654 1876 2774 1952 uti
2821 1877 3121 1981 primus
3149 1877 3390 1953 Pohl
3449 1873 3884 1968 accuratius
3935 1881 4085 1954 ob-

915 2008 1275 2100 servavit,
1347 2009 1762 2088 introitum
1819 2011 1920 2086 ad
1972 2010 2326 2087 vestibuli
2378 1991 2666 2085 cavum·
2706 2009 3008 2085 format.
3112 2008 3416 2084 Canalis
3470 2009 3719 2099 hicce,
3795 2012 3951 2087 sere
3994 2013 4087 2087 li-

919 2163 1143 2212 neam
1189 2141 1678 2243 longitudine
1730 2143 2138 2231 exhibens,
2193 2140 2295 2218 ad
2350 2143 2586 2218 finem
2648 2137 3211 2246 amplificatur,
3274 2160 3353 2217 et
3389 2142 3806 2245 permittit,
3879 2145 4086 2217 utin

917 2270 1212 2348 discum
1259 2273 1487 2349 illum
1531 2276 1836 2367 album,
1897 2303 1941 2351 a
1990 2301 2202 2352 sacco
2252 2277 2685 2364 inclusum,
2752 2255 3342 2380 prospiciamus,
3424 2274 3563 2376 qui
3624 2273 3864 2375 igitur
3924 2300 4086 2347 non

917 2402 1001 2477 in
1057 2404 1220 2508 ipso
1278 2408 1643 2510 operculo
1700 2408 2102 2514 impositus
2155 2428 2301 2498 est,
2377 2407 2592 2511 quod
2652 2409 3014 2512 Scarpa
3079 2406 3362 2494 voluit,
3431 2403 3561 2481 sed
3622 2403 4090 2509 profundius

913 2536 1118 2612 latet·
1222 2543 1315 2613 In
1358 2540 1584 2616 larvis
1634 2541 2214 2628 Salamandrae,
2298 2540 2661 2617 branchis
2712 2537 2969 2615 adhuc
3007 2538 3434 2625 instructiS‚
3489 2534 3836 2611 foramen
3876 2538 4087 2613 ovale

914 2670 1182 2745 eodem
1227 2667 1546 2775 quidem
1598 2674 1765 2748 loco
1823 2674 1910 2748 in
1966 2694 2269 2781 petroso
2318 2673 2474 2748 iam
2522 2697 2725 2748 oneo
2794 2669 3092 2759 inveni,
3162 2667 3511 2746 nondum
3566 2687 3827 2744 autem
3873 2689 4090 2773 oper-

914 2804 1134 2891 culo,
1196 2804 1327 2879 sed
1393 2807 1839 2881 membrana
1897 2809 2147 2883 solum
2211 2803 2601 2911 pellucida
2676 2802 3114 2892 occlusum,
3200 2802 3306 2876 ita
3363 2818 3455 2876 ut
3506 2800 3824 2875 materia
3875 2824 4087 2899 amy-

913 2936 1120 3010 lacea
1175 2917 1581 3040 per⁸illam
1632 2938 2048 3016 videretur.

1118 3068 1390 3144 Cavum
1449 3070 1906 3146 vestibulare
1964 3072 2393 3174 oblongum
2461 3097 2505 3145 a
2573 3069 2946 3175 lateribus
3000 3064 3305 3170 aliquid
3367 3090 3882 3172 compressum
3933 3083 4084 3152 est,

913 3201 1485 3305 pavimentum,
1542 3205 1675 3289 ,uti
1733 3205 1820 3280 in
1871 3207 2193 3290 Proteo,
2286 3203 2492 3277 linea
2544 3200 2933 3276 eminente
3004 3199 3086 3273 in
3152 3199 3565 3275 sectionem
3626 3199 4089 3274 anteriorem

917 3333 1301 3406 minorem
1340 3383 1361 3417 ,
1406 3331 1932 3434 maioremque
1986 3332 2486 3437 posteriorem
2549 3327 3015 3433 profundius
3075 3349 3506 3405 excavatam
3563 3326 3892 3402 divisum
3951 3344 4083 3399 est.

919 3466 1015 3536 In
1064 3461 1209 3537 hac
1260 3460 1509 3539 discus
1562 3464 1927 3539 materiae
1982 3463 2323 3553 albidae,
2432 3463 2518 3538 in
2574 3463 2709 3538 illa
2767 3462 3157 3567 ampullae
3218 3459 3418 3536 duae
3495 3456 3849 3536 resident.
3952 3460 4088 3531 Pa-

920 3594 1066 3670 ries
1098 3597 1449 3669 internus
1477 3586 1830 3671 vestibuli
1866 3593 2381 3675 foraminibus
2414 3593 2717 3691 duobus
2743 3591 3288 3696 angustissimis
3320 3610 3672 3695 pertusus
3697 3608 3846 3677 est,
3882 3614 4084 3691 quae

918 3753 1246 3804 nervum
1298 3730 1758 3815 acusticum,
1817 3727 2042 3833 solito
2109 3753 2327 3815 more
2377 3745 2946 3807 excurrentem,
3008 3721 3562 3798 transmittunt.
3664 3714 3903 3816 Quid'
3941 3719 4081 3808 sit,

916 3860 1127 3964 quod
1172 3863 1460 3939 Carus
1499 3860 1733 3951 vidit,
1774 3863 2052 3951 nescio,
2102 3861 2243 3965 qui
2266 3858 2364 3956 ²⁸)
2402 3858 2865 3936 vestibulum
2908 3851 3445 3929 Salamandrae
3469 3850 4086 3955 magno-forami-

862 3998 891 4075 '.
921 4022 1017 4068 ne
1053 4022 1231 4067 cum
1267 3996 1589 4071 cavitate
1625 3994 1874 4069 cranii
1913 3993 2492 4071 communicare
2529 3987 2931 4066 contendit
2944 4017 2965 4077 3
3010 3983 3375 4089 equidem
3417 3985 3575 4060 fere
3616 3985 3699 4059 in
3729 3985 4085 4088 quinque

916 4125 1465 4217 salamandris,
1536 4153 1727 4231 quas
1783 4125 2143 4215 dissecui,
2206 4123 2407 4201 nihil
2460 4137 2765 4226 praeter
2810 4116 3193 4194 foramina
3239 4118 3390 4194 iam
3441 4115 3751 4193 laudata
3798 4111 4081 4188 inveni.

3807 4278 3876 4341 0

999 4517 1100 4597 26)
1152 4518 1377 4579 Ossem.
1417 4519 1583 4597 foss.
1637 4517 1822 4582 Tom.
1848 4516 1927 4578 V.
1970 4537 2032 4598 p.
2059 4513 2201 4597 407.
2242 4512 2327 4595 pl.
2358 4509 2597 4576 xxvl.
2636 4509 2772 4594 Fig.
2809 4533 2874 4594 7.
2911 4520 2973 4572 et
3001 4507 3070 4573 8.
3247 4560 3258 4569 .

1000 4635 1107 4720 27)
1154 4636 1464 4717 Scarpa
1515 4635 1855 4699 anatomica
1897 4631 2235 4714 disquisitio
2279 4629 2358 4690 de
2398 4627 2612 4691 auditu
2665 4638 2726 4689 et
2767 4624 2994 4689 olfactu
3047 4645 3107 4705 p.
3135 4620 3231 4700 24.
3271 4618 3431 4684 Tab.
3470 4618 3552 4682 V.
3604 4617 3739 4704 Fig.
3773 4617 3840 4696 4.

1001 4751 1100 4833 28)
1145 4754 1296 4815 Loc.
1339 4749 1505 4813 laud.
1546 4770 1682 4832 pag.
1717 4770 1812 4811 ιι.
1850 4748 2008 4817 Tah.
2037 4747 2147 4808 111.
2188 4746 2322 4829 Fig.
2355 4746 2413 4807 3.
