4650 5525
1949 281 2479 376 ...5.-

639 578 890 630 unum
942 549 1151 629 coire
1208 547 1420 625 dicit.
1524 546 1760 647 Quod
1808 545 2109 624 adtinet
2155 545 2256 625 ad
2309 547 2428 637 id,
2493 565 2763 625 utrum
2817 547 2903 624 in
2952 547 3351 625 canalibus
3407 549 3627 627 osseis
3686 552 3803 628 in-

630 685 823 762 clusi
886 685 1043 761 sint
1097 681 1660 757 membranacei
1724 706 1867 758 nec
1916 706 2056 776 ne,
2161 678 2546 783 equidem'
2577 677 2797 778 valde
2865 678 3151 784 dubius
3213 706 3440 774 sum3
3504 706 3802 760 summa

638 817 849 892 enim
914 814 1314 916 diligentia
1377 813 1546 888 fieri
1602 837 1765 889 non
1825 814 2124 917 potuit,
2204 832 2296 889 ut
2358 813 2531 888 talis
2600 811 2902 887 canalio
2950 811 3057 887 ita
3123 838 3169 888 a
3229 814 3614 918 superiori
3693 815 3802 889 la-

636 967 795 1024 tere
860 946 1332 1051 aperiretur,
1405 963 1497 1020 ut
1544 943 1642 1019 ab
1699 939 2060 1020 inferiori
2133 945 2433 1021 clausus
2497 942 2757 1019 adhuc
2827 963 3271 1048 appareret,
3345 943 3594 1048 quod,
3679 946 3799 1022 uti

630 1078 1092 1168 videbimus,
1144 1077 1227 1153 in
1254 1073 1747 1154 Salamandra
1790 1074 2001 1180 facili
2045 1075 2349 1179 negotio
2397 1074 2645 1151 fiebat.
2763 1078 3060 1152 Verum
3121 1074 3407 1151 canalis
3463 1094 3794 1186 uterque

635 1211 940 1313 longior
1002 1208 1351 1285 decurrit
1422 1208 1508 1283 in
1567 1207 2010 1286 semicanali
2073 1233 2275 1284 osseo
2341 1208 2672 1313 cupulae
2746 1232 2883 1283 seu
2969 1207 3332 1311 tegmenti
3398 1207 3793 1298 vestibuli,
3911 1287 3917 1293 ,

634 1362 714 1418 et
780 1341 1247 1445 quibusdam
1307 1342 1493 1417 locis
1544 1341 1793 1417 nihilo
1856 1340 2099 1418 secius
2159 1359 2424 1416 tenues
2474 1337 2672 1414 mihi
2730 1337 3166 1432 trabeculae
3237 1364 3477 1415 osseae
3550 1337 3797 1416 adesse

635 1474 1143 1567 videbantur,
1201 1502 1401 1579 quae
1455 1475 1753 1551 canales
1801 1474 2420 1551 membranaceos
2482 1471 2714 1547 etiam
2782 1471 2880 1546 ab
2936 1470 3287 1547 inferiori
3356 1473 3592 1546 latere
3655 1473 3800 1544 cir-

638 1607 1115 1684 cumdarent.
1216 1608 1525 1683 Etenim
1553 1663 1576 1691 ‚
1630 1634 1878 1711 quum
1928 1606 2177 1683 omnis
2211 1625 2570 1682 externus
2603 1602 2960 1680 vestibuli
3008 1603 3254 1709 paries
3285 1601 3667 1678 detractus
3695 1627 3799 1676 es-

636 1760 782 1829 set,
865 1739 1150 1814 canalis
1197 1738 1782 1814 semicircularis
1845 1757 2204 1816 externus
2256 1738 2393 1813 tali
2457 1738 2751 1813 annulo
2811 1763 3010 1814 osseo
3082 1762 3482 1842 suspensus
3544 1733 3801 1810 adhuc

637 1871 1021 1978 apparuit.
1074 1872 1293 1968 Quae
1331 1896 1447 1946 res
1478 1897 1566 1945 eo
1598 1870 2087 1945 verisimilior
2122 1868 2321 1945 mihi
2346 1887 2490 1960 est,
2521 1869 2817 1975 quippe
2849 1897 3086 1974 quam
3123 1870 3200 1943 in
3230 1870 3546 1944 Axolote
3599 1892 3800 1962 ame·

642 2003 942 2090 ricano,
997 2003 1079 2078 in
1119 2031 1277 2108 quo
1309 2004 1547 2105 magis
1591 2003 1993 2109 perspicua
2038 2002 2300 2079 omnia
2340 2003 2576 2089 fiunt,
2630 2000 2952 2079 eandem
2990 2025 3300 2108 prorsus
3329 2000 3798 2076 invenissem.

642 2165 731 2229 μ
839 2135 1167 2210 Cochlea
1220 2163 1398 2212 cum
1458 2135 1785 2216 fenestra
1847 2134 2182 2213 rotunda
2239 2135 2530 2212 nullibi
2593 2133 2821 2214 adest.

833 2300 900 2368 5.
1005 2296 1381 2371 Aaeolotes
1432 2300 1934 2370 americanus.
2040 2355 2067 2384 ,

835 2426 1264 2516 Axolotem‚
1347 2425 1562 2529 quod
1623 2426 1723 2501 ad
1789 2452 2061 2503 aurem
2110 2445 2437 2532 spectat,
2512 2426 2653 2503 soli
2713 2426 3066 2502 Cuvier
3138 2442 3216 2501 et
3264 2422 3805 2499 Blainville

643 2557 1224 2662 descripserunt.
1322 2560 1681 2634 Cuvier
1733 2560 1818 2634 in
1876 2558 2303 2664 appendice
2352 2558 2450 2636 ad
2504 2555 3002 2636 Humboldtii
3051 2556 3606 2635 observationes
3645 2582 3812 2630 zoo-

642 2689 920 2792 logicas
993 2706 1070 2767 et
1135 2687 1257 2797 in,
1282 2707 1616 2768 tractatu
1687 2690 1783 2768 de
1864 2692 2151 2769 ossibus
2231 2689 2652 2782 fossilibus,
2746 2689 3126 2768 existimat
3201 2689 3431 2765 illum
3520 2687 3814 2764 larvam

640 2819 1180 2899 Salamandrae
1229 2821 1631 2901 cuiusdam
1692 2849 1843 2903 esse
1913 2824 2313 2929 hucusque
2374 2825 2711 2929 ignotae,
2801 2851 3039 2928 quam
3106 2824 3462 2927 sequitur
3515 2824 3816 2898 senten-

644 2955 833 3031 tiam
899 2928 1462 3032 Blainville.
1618 2959 1842 3037 Hanc
1913 2985 2075 3035 rem
2146 2984 2307 3034 non
2390 2957 2499 3032 ita
2580 2982 2659 3033 se
2756 2953 3042 3031 habere
3114 2955 3474 3031 Mi‘iller
3555 2950 3648 3047 ¹3)
3727 2978 3817 3026 ac

643 3086 767 3159 Ra
793 3085 1011 3160 thke
1064 3082 1155 3190 ’.4)
1232 3111 1353 3160 me
1426 3087 1905 3176 docuerunt,
2017 3090 2158 3189 qui
2235 3078 2502 3190 quum'
2571 3086 2909 3161 Berolini
3014 3084 3485 3187 exemplaria
3550 3082 3821 3157 adulta

644 3216 1050 3318 utriusque
1100 3241 1314 3292 sexus
1374 3235 2083 3322 perscrutarentur,
2164 3217 2249 3292 in
2319 3240 2532 3291 mare
2598 3231 2814 3289 testes
2856 3213 3377 3317 vesiculasque
3426 3213 3825 3289 seminales

642 3345 862 3451 valde
910 3347 1268 3452 repletas,
1330 3348 1411 3423 in
1465 3347 1749 3424 femina
1796 3371 1936 3425 ova
1992 3347 2151 3424 fere
2191 3368 2497 3425 matura
2549 3347 3055 3441 invenerunt3
3136 3365 3216 3422 et
3271 3347 3404 3423 ille
3460 3374 3818 3452 quoque,

642 3505 874 3582 quem
916 3505 1050 3582 ego
1106 3478 1455 3571 dissecui,
1503 3454 1893 3572 Axolotes‚'
1945 3482 2087 3585 qui
2144 3480 2660 3585 longitudinis
2719 3486 2765 3557 8
2800 3480 2983 3586 poll.
3019 3481 3244 3585 paris.
3293 3500 3484 3571 erat,
3556 3484 3811 3558 oraria

643 3611 1083 3689 ostendebat
1122 3610 1317 3702 duo,
1378 3638 1520 3718 per
1558 3638 1786 3689 omne
1832 3612 2212 3690 abdomen
2268 3631 2662 3720 protracta
2711 3631 2793 3688 et
2835 3612 2992 3688 ovis
3037 3615 3362 3690 maturis
3404 3612 3814 3720 perimple-

645 3762 742 3818 ta.
795 3746 917 3818 Ab
958 3764 1272 3822 externo
1324 3746 1763 3822 ovat-iorum
1811 3747 2084 3831 latere,
2133 3743 2569 3839 oviductus‚
2618 3744 2882 3846 quales
2932 3745 3299 3821 Rathke
3344 3746 3392 3821 l.
3429 3747 3476 3820 1.
3547 3745 3820 3822 descri-

648 3872 833 3977 psit,
878 3871 1425 3967 decurrebant,
1475 3876 1964 3980 longitudine
2009 3894 2089 3953 et
2144 3874 2477 3954 crassitie
2509 3877 2837 3952 maxima
2894 3876 3240 3979 insignes.
3344 3872 3815 3978 (Longitudo

574 4038 589 4049 ‘
648 4022 816 4080 erat
866 4001 958 4079 25
998 4005 1181 4109 poll.
1215 4010 1442 4110 paris.
1497 4028 1576 4087 et
1632 4009 1999 4086 crassities
2045 4009 2185 4085 ubi
2248 4010 2616 4098 maxima,
2683 4036 2726 4082 2
2776 4004 3214 4101 linearum).
3319 4007 3632 4114 Oppido
3679 4034 3815 4084 au-

648 4155 803 4212 tem
854 4157 1130 4216 notum
1176 4158 1287 4214 est
1336 4140 1419 4215 in
1478 4141 1970 4220 Salamandra
2027 4158 2198 4217 tum
2244 4140 2560 4223 demum
2607 4140 2970 4243 genitales
3011 4161 3263 4245 partes
3306 4138 3811 4249 conformari,

654 4293 907 4367 quum
956 4271 1338 4349 branchos
1385 4272 1740 4349 amiserit.
1841 4272 2152 4353 Accedit
2184 4277 2585 4353 Axolotem
2627 4274 2886 4351 oculos
2924 4273 3290 4358 obtectos,⁴
3325 4270 3586 4376 quales
3620 4276 3802 4349 Pro-

751 4609 843 4686 13)
888 4612 1187 4676 Miiller
1239 4618 1317 4678 de
1362 4618 1790 4701 glandularum
1840 4620 2277 4681 secernentium
2325 4620 2609 4701 penitiori
2649 4630 2983 4689 structura.
3015 4639 3151 4702 pag.
3177 4614 3280 4685 88.

745 4725 838 4807 14)
876 4729 1194 4794 Rathke
1252 4736 1318 4794 in
1360 4735 1621 4799 Merkels
1661 4736 1912 4804 Archiv.
1959 4735 2134 4819 1829.
2191 4757 2249 4819 p.
2283 4755 2427 4796 212.
