4650 5525
1852 208 2385 308 -9—

510 477 818 563 ,Nervus
863 470 1133 561 durus,
1176 493 1414 572 quem
1466 469 2013 568 Scarpa·per
2062 459 2478 566 proprium
2526 457 2876 534 foramen
2931 476 3105 564 post
3153 458 3575 538 acusticum
3617 458 3720 533 ad

529 605 843 708 occiput
891 598 1252 707 progredi
1301 600 1667 685 affirmat,
1735 620 1876 699 per
1924 591 2544 709 angustissimum
2594 612 2885 668 osseum
2940 592 3286 666 canalem
3337 592 3713 679 excurrit,

524 735 669 840 qui
720 762 803 812 os
852 752 1247 838 petrosum
1295 754 1541 835 prope
1589 728 1963 834 parictem
2015 724 2516 830 posteriorem
2560 724 2918 814 vestibuli
2973 725 3338 828 perforat.

730 880 966 981 Quod
1013 879 1314 957 adtinet
1360 875 1461 956 ad
1526 895 1780 984 partes
1827 873 2096 950 molles
2142 900 2187 949 a
2234 873 2612 950 vestibulo
2681 874 3042 962 inclusas,
3106 872 3533 949 secundum
3582 901 3718 948 au·-
3819 893 3830 908 ·

531 1036 777 1095 ctores
825 1040 1130 1092 saccum
1179 1040 1371 1090 cum·
1408 1010 1808 1090 canalibus
1868 1006 2384 1084 circularibus
2449 1006 2613 1083 sine
2679 1006 2835 1083 alio
2898 1032 3098 1082 osseo
3167 1007 3567 1082 involucro
3635 1005 3742 1100 in,

528 1150 853 1227 cavitate
903 1145 1351 1224 vestibulari
1422 1142 1806 1222 contineri
1862 1139 2208 1247 primum
2280 1138 2680 1243 putabam.
2779 1136 3499 1232 Blainville29)
3576 1136 3722 1212 bac

528 1282 627 1357 de
678 1306 763 1356 re
814 1277 1390 1370 nondistincte
1434 1275 1826 1378 loquitur,
1896 1291 1974 1350 et
2023 1271 2270 1348 Pohl
2306 1268 2407 1362 3⁰)
2457 1271 2647 1350 adeo
2697 1273 3069 1364 affirmat,
3141 1271 3439 1345 canales
3485 1295 3725 1345 mem-

527 1414 946 1490 branaceos
994 1410 1570 1486 filamentorum
1644 1431 1789 1511 ope
1853 1403 1955 1479 ad
2012 1404 2274 1481 cristas
2325 1403 2605 1482 ossium
2655 1403 3089 1482 adhaerere.
3194 1406 3360 1479 Hoc
3408 1433 3719 1509 prorsus

529 1547 808 1622 falsum
854 1569 1005 1619 esse
1053 1539 1410 1648 plurium
1457 1537 2140 1618 salamandrarum
2191 1537 2641 1614 dissectione
2692 1536 2887 1613 mihi
2942 1538 3304 1641 persuasi.
3405 1539 3722 1614 Canales

530 1676 1130 1752 semicirculares
1204 1688 1351 1748 tres
1399 1669 1966 1746 membranacei
2029 1669 2445 1745 maximam
2516 1667 2822 1774 partem
2883 1671 2972 1746 in
3038 1670 3437 1745 canalibus
3503 1671 3723 1746 osseis

533 1807 1076 1895 continentur,
1134 1803 1399 1906 ibique
1449 1801 1763 1877 demum
1816 1800 2037 1876 hosce
2087 1801 2590 1905 relinquunt,
2641 1800 2827 1888 ubi,
2898 1801 3114 1878 brevi
3165 1820 3584 1905 antequam
3637 1804 3721 1877 in

529 1966 835 2017 saccum
894 1954 1318 2025 transeant,
1371 1935 1458 2012 in
1507 1935 1893 2040 ampullas
1934 1951 2479 2012 extenuantur.
2583 1932 2744 2031 Qui
2796 1934 3095 2012 canales
3148 1933 3328 2010 ossei
3380 1935 3719 2039 spatium

532 2071 1008 2173 triangulare
1079 2067 1607 2161 circumdant,
1701 2039 1925 2168 cuin}
1982 2093 2190 2173 apex
2253 2085 2714 2157 retrorsum,
2787 2065 2985 2144 basis
3048 2058 3490 2144 antrorsum
3559 2092 3720 2143 ver·

527 2204 654 2306 git·
689 2198 807 2297 3¹).
3825 2177 3835 2186 ⁸

722 2332 1049 2420 Saccus,
1136 2335 1260 2412 uti
1320 2334 1530 2419 dixi,
1606 2334 2100 2440 posteriorem
2170 2332 2919 2441 profundioremque
2988 2334 3346 2411 vestibuli
3422 2334 3722 2411 foveam

532 2463 854 2542 obtinet.
959 2465 1325 2543 Continet
1373 2467 1687 2542 Discum
1738 2468 1969 2542 illum
2015 2466 2318 2572 saepius
2365 2465 2786 2548 laudaum
2838 2467 3203 2544 materiae
3269 2469 3718 2574 amylaceae.

520 2594 733 2671 Disci
781 2594 1113 2672 formam
1158 2622 1459 2702 semper
1509 2583 1717 2678 mihi'
1740 2597 2122 2702 praebuit,
2159 2598 2382 2673 cuius
2402 2598 2717 2674 interna
2760 2614 2997 2700 atque
3039 2597 3364 2673 inferior
3392 2600 3714 2704 superfi-

525 2728 677 2805 cies
721 2727 1027 2833 aliquid
1083 2755 1459 2819 convexa,
1523 2747 1837 2805 externa
1901 2728 2138 2835 plana
2209 2748 2288 2807 et
2353 2727 2673 2833 oblique
2735 2753 2993 2806 versus
3055 2728 3506 2806 fenestram
3543 2759 3719 2809 ova-

528 2861 684 2937 lem
733 2858 1025 2938 directa
1076 2881 1207 2940 est.
1273 2864 1448 2963 Non
1497 2881 1704 2939 arcte
1745 2862 2069 2967 quidem
2119 2860 2563 2939 circumdat
2612 2887 2795 2937 eum
2842 2887 3119 2953 saccus,
3173 2889 3427 2965 neque
3461 2883 3719 2943 tamen

530 2992 619 3068 in
668 2992 975 3068 alveum
1025 3020 1553 3084 communem,
1605 2995 1747 3096 qui
1800 2994 2194 3069 canalium
2241 2994 2432 3070 ostia
2453 2993 3447 3097 excipiat,ampl1ficatur,
3503 2995 3719 3096 quod

494 3126 765 3223 -Sear
781 3149 898 3228 pa
948 3119 1046 3215 ³²)
1096 3141 1175 3198 et
1227 3123 1476 3197 Pobl
1524 3123 2033 3198 contendunt.
2147 3127 2402 3197 Laxus
2448 3121 3322 3226 est-.oircum.lapillum
3375 3124 3720 3202 discifor-

535 3279 777 3343 mem,
866 3272 947 3329 et
1013 3250 1116 3329 ad
1178 3253 1582 3328 internum
1639 3251 1997 3327 vestibuli
2067 3250 2466 3356 parietem:
2516 3277 2776 3329 remus
2851 3254 3222 3358 capulam
3283 3254 3718 3360 quidquam

538 3387 963 3493 prominet,
1014 3382 1116 3461 ad
1160 3404 1566 3462 externum
1610 3403 1877 3461 autem
1925 3384 2015 3460 in
2064 3383 2504 3490 pavimento
2555 3385 2664 3460 ita
2711 3385 2928 3478 iacet,
2949 3438 2956 3445 -
2976 3405 3069 3463 ut
3114 3387 3334 3490 quasi
3384 3412 3718 3469 vacuum

542 3536 916 3624 appareat
965 3517 1267 3596 discum
1315 3519 1523 3596 inter
1568 3536 1651 3595 et
1694 3519 2067 3625 capulam
2111 3517 2496 3595 vestibuli.
2592 3521 2689 3595 In
2733 3543 2949 3594 saeco
2996 3511 3442 3625 pellucido&=
3485 3525 3722 3627 magis

605 3908 911 3992 29)Loc.
956 3908 1123 3973 laud.
1176 3909 1430 3992 μ548.
1491 3911 1795 3997 legimus·
1863 3910 1957 3975 Ie.
1974 3922 2185 3973 saoce
2234 3908 3705 4009 hamme-mnemffltm&

771 4022 925 4086 dans
973 4046 1089 4087 une
1130 4024 1324 4087 cavite'
1355 4027 2307 4123 bulbeusedel'occq‘picalffls
2347 4092 2362 4121 ,
3075 4082 3088 4115 ι

582 4112 727 4235 zo)
768 4158 843 4220 In
883 4157 1186 4220 Pobli'
1168 4183 1188 4221 1
1230 4161 1422 4244 figura
1461 4160 1616 4229 Tab.
1665 4162 1779 4224 111.
1821 4163 1919 4247 fig.
1967 4162 2033 4242 4.
2080 4163 2332 4223 omnino
2371 4158 2529 4222 nibil
2561 4114 2934 4243 distinguere
2955 4092 3318 4241 pessumi.
3405 4114 3412 4119 -
3509 4110 3518 4141 Ε

616 4291 1316 4379 31)Tab.1.1··ig..4
2877 4306 2912 4313 ⁴·

613 4420 735 4502 52)
772 4423 1069 4507 Scarpa
1129 4446 1374 4491 saccum
1416 4421 1777 4509 canalesque
1815 4421 2245 4489 salamandrae
2285 4421 2575 4491 describit
2628 4430 2816 4510 atque
2859 4418 3117 4509 explieat
3163 4426 3228 4487 in
3261 4422 3466 4510 figura
3507 4423 3588 4503 qd
3627 4435 3724 4489 te-

782 4537 1042 4602 studinis
1082 4540 1505 4629 labyrinthum
1543 4541 1785 4627 depicta
1839 4538 1963 4613 loe.
2004 4539 2176 4614 laud.
2218 4541 2383 4610 Tab.
2424 4540 2510 4609 V.
2566 4539 2706 4630 Fig.
2751 4540 2811 4608 5.
2851 4544 2961 4629 qni
3000 4554 3206 4625 tamem
3249 4552 3394 4631 §pto
3420 4540 3591 4625 coelo
3633 4541 3729 4604 di-

784 4674 1002 4719 versus
1043 4666 1153 4721 est.

2871 4742 2876 4749 ’
2956 4778 3002 4842 2

1647 5459 1982 5502 ffaubnussn
1996 5484 2108 5502 ΑΛ...
