4650 5525
1880 194 2473 294 -19—

573 493 748 577 pars
796 465 897 545 ad
958 489 1043 544 os
1092 463 1625 572 tymphaicum
1676 455 2117 568 pertinent,
2186 458 2402 563 quod
2469 455 3004 540 extenuatum'
3039 456 3226 535 inde
3272 459 3761 565 superficiem

573 580 1075 678 articularem
1122 598 1262 674 dat
1310 596 1683 676 maxillae·
1733 591 2110 670 inferiori.
2226 594 2343 667 Ex
2411 609 2632 697 parte
2680 590 3063 697 superiori
3116 619 3296 666 cum
3347 589 3761 667 mastoideo

573 733 1103 837 coniungitur,
1152 729 1366 835 quod
1413 726 1635 805 valde
1684 724 2659 834 prominens-superiorem
2709 721 3115 798 dimidiam
3150 741 3448 827 partem
3483 721 3762 797 annuli

576 892 722 971 pro
771 865 1222 946 membrana
1274 861 1626 968 tympani
1674 860 1978 936 format.
2076 856 2425 934 Ceilulae
2474 853 2861 959 denique,
2911 839 3104 958 (μία
3151 882 3325 930 cum
3379 853 3536 928 illis
3588 880 3767 957 pro-

577 1021 818 1074 cessus
864 992 1263 1071 mastoidei
1311 994 1511 1069 bene
1559 987 2035 1098 comparavit
2080 989 2484 1083 Cuvier‚
2553 988 2636 1063 in
2690 1013 2847 1066 ossa
2909 986 3206 1075 omnia,
3283 1009 3486 1089 quae
3535 983 3765 1060 modo

575 1126 1016 1218 numeravi,
1085 1142 1613 1231 penetrantes,
1678 1150 1861 1199 cum
1908 1122 2237 1199 cavitate
2290 1120 2641 1228 tympani
2691 1119 3279 1195 communicant
3295 1151 3321 1222 3
3367 1119 3627 1198 ,immo
3680 1116 3770 1190 in

574 1259 962 1337 crocodilo
1017 1256 1371 1335 nondum
1419 1256 1714 1346 adulto,
1767 1255 1958 1333 baec
2005 1281 2162 1334 ossa
2218 1254 2377 1330 fere
2427 1252 2687 1329 omnia
2745 1254 2829 1328 in
2880 1250 3073 1327 duas
3119 1252 3477 1342 laminas,
3528 1269 3767 1326 exter-

578 1419 763 1467 nam
816 1393 1379 1494 internamque‘
1417 1391 1777 1484 vitream,
1851 1388 2083 1465 modo
2152 1387 2283 1463 bic
2333 1385 2561 1464 modo
2617 1385 2780 1462 illic
2852 1383 3264 1462 trabeculis
3313 1385 3532 1459 osseis
3581 1409 3760 1459 con·

577 1523 879 1598 iunctas
927 1520 1166 1597 divisa
1235 1540 1460 1612 sunt,
1539 1522 1645 1597 ita
1716 1541 1808 1598 ut
1862 1522 1945 1598 in
1996 1520 2137 1597 illo
2185 1520 2544 1597 cavitates
2611 1495 2974 1624 tympani·
3034 1518 3443 1621 utriusque
3513 1517 3772 1596 lateris

575 1654 920 1743 cellulis,
989 1679 1071 1730 os
1118 1653 1492 1758 parietale
1540 1652 2161 1758 persor-antibus,
2241 1650 2449 1727 inter
2513 1678 2590 1730 se
2647 1650 3270 1742 communicent,
3339 1650 3454 1724 vel
3508 1649 3770 1754 potins

574 1813 829 1862 unum
881 1811 1254 1891 magnum
1302 1811 1577 1868 cavum
1624 1786 1984 1863 forment.

1683 2002 1786 2095 R
1904 1999 2029 2095 In
2101 2002 2193 2097 T
2176 1999 2617 2097 estudine.

770 2240 1025 2344 Caput
1066 2264 1344 2346 parvae
1391 2237 1710 2342 Emydis
1763 2237 2048 2326 luteae,
2116 2264 2258 2318 nec
2319 2267 2483 2318 non
2549 2265 2871 2344 magnae
2942 2213 3345 2382 testudinis
3400 2237 3770 2314 terrestris

572 2390 1094 2476 perscrutatus
1141 2401 1333 2450 sum.

772 2506 877 2579 Ut
929 2504 1252 2581 omnino
1300 2506 1631 2582 maxima
1696 2503 2128 2582 similitudo
2201 2524 2316 2590 est
2380 2505 2590 2586 inter
2651 2531 2810 2584 ossa
2871 2499 3144 2616 capitis
3199 2501 3601 2580 testudinis
3650 2526 3770 2578 ea-

573 2658 728 2738 que
779 2632 1201 2723 Crocodili,
1273 2636 1382 2713 ita
1435 2664 1598 2713 non
1647 2636 1909 2711 minor
1955 2661 2225 2711 earum
2272 2637 2656 2746 partium,
2723 2637 3014 2741 quibus
3060 2662 3406 2742 organon
3456 2633 3774 2712 auditus

572 2768 1024 2846 continetur
1096 2789 1331 2874 atque
1397 2771 1949 2849 circumdatur.
2078 2772 2595 2877 Osteologiam
2659 2771 2934 2878 capitis
3003 2768 3408 2848 testudinis
3474 2769 3769 2874 optime

574 2896 1035 3005 descriptam
1100 2901 1540 2979 invenimus
1607 2890 1652 2979 a
1703 2904 2131 2983 Cuviero
2173 2906 2279 3002 6·)
2354 2925 2432 2982 et
2479 2902 2846 3008 Bojano
2880 2902 3013 2999 62),
3095 2905 3236 3007 qui
3303 2904 3452 2977 viri
3508 2905 3590 2979 in
3642 2902 3771 2978 de·

573 3030 929 3135 finitione
978 3032 1258 3144 ossium
1307 3034 1718 3137 maximam
1770 3028 2073 3143 partem
2121 3055 2589 3135 consonant,
2643 3034 2871 3111 modo
2920 3035 2982 3108 si
3035 3034 3360 3137 excipis,
3414 3035 3533 3111 Bo
3547 3032 3764 3135 jani

572 3188 655 3238 os
715 3158 1188 3264 quadratum
1255 3165 1786 3266 tympanicum
1878 3190 1924 3237 a
1995 3166 2417 3267 Cupviero
2503 3164 3042 3269 tympanicum
3103 3181 3543 3266 petrosum,
3633 3189 3767 3269 pe-

574 3313 871 3371 trosum
923 3294 1262 3394 denique
1315 3294 1719 3401 occipitale
1768 3282 2178 3371 externum
2242 3294 2737 3381 nominatum
2786 3318 2986 3387 esse3
3059 3276 3301 3397 quam
3353 3295 3769 3371 Cuvieri

574 3424 1148 3514 definitionem,
1234 3424 1650 3533 praecipue
1721 3427 1784 3502 si
1857 3426 1958 3503 ad
2007 3416 2507 3505 Crocodilum
2571 3426 3115 3541 respiciebam,
3186 3425 3772 3530 praeferendam

569 3582 721 3669 esse
770 3562 1056 3639 censui.
1119 3560 1648 3665 Labyrinthus
1696 3559 1829 3638 hic
1876 3542 2364 3667 potissimum
2414 3588 2458 3637 a
2503 3579 2810 3665 petroso
2859 3579 2939 3657 et
2987 3559 3377 3665 occipitali
3431 3562 3743 3651 interno

577 3689 796 3791 quod
862 3695 1031 3773 loco
1082 3694 1507 3800 accipimus
1568 3694 1931 3779 ‚lateralis
1946 3691 2336 3785 crocodili
2379 3711 2533 3784 ast..
2597 3692 3038 3775 recluditur
3075 3691 3200 3789 ⁶³).
3301 3694 3597 3773 Gavius
3647 3721 3769 3769 ve·

571 3819 842 3901 stibuli
892 3814 1074 3901 cum
1123 3827 1454 3919 fenestra
1505 3828 1707 3907 ovaii
1752 3845 1845 3904 ct
1874 3815 2289 3909 canalibus
2345 3826 3048 3903 comicia-cidaribus
3094 3825 3616 3916 anterioribus
3663 3827 3764 3902 ad

574 3978 657 4030 os
701 3970 1138 4060 petrorsum
1187 3958 1604 4064 praecipue
1646 3959 2023 4066 pertinet,
2088 3957 2222 4037 sed
2266 3957 2606 4039 fenestra
2680 3950 3025 4036 rotunda
3073 3956 3232 4051 ⁶⁴23
3287 3982 3494 4040 unus
3541 3986 3772 4061 cana-⁸

652 4321 773 4399 δι)
814 4322 1051 4392 Οέεεηι.
1070 4329 1237 4408 ,sb-⁵⁸³·
1288 4328 1470 4390 Tom.
1498 4324 1773 4412 V0'176.
1817 4328 1905 4411 pl.
1937 4306 2051 4393 Xi-

608 4439 773 4515 ·623
817 4441 1129 4506 Anatome'
1156 4440 1485 4508 testudinis
1510 4440 1863 4529 europaeae'
1900 4444 2192 4516 Taum.
2233 4442 2404 4532 seqq.
2495 4432 2508 4455 ⁸

655 4556 773 4634 63)
815 4557 912 4620 Cfi
961 4558 1348 4623 Huschke
1388 4562 1428 4629 Ι.
1470 4563 1516 4626 1.
1563 4562 1812 4631 Tab.1.
1859 4562 1998 4647 Fig.
2036 4562 2143 4633 6.‘

655 4660 773 4752 64)
830 4672 1219 4738 Clarissimus
1292 4676 1402 4739 Cn
1428 4680 1609 4743 vier
1678 4679 1798 4750 loc.
1842 4654 2026 4752 alaud.
2091 4678 2445 4766 pag-18⁸.
2501 4680 2831 4745 fenestram
2896 4666 3225 4765 rotundam
3303 4678 3495 4765 quum
3565 4682 3767 4744 nomi·-
