4650 5525
2165 163 2760 254 ...20-

846 415 1045 505 lium
1094 430 1806 524 semicircularium,
1859 448 2096 536 atque
2121 428 2422 518 cavitas,
2473 453 2819 532 organon
2864 413 3268 537 hueusque
3307 430 3762 537 negloetum,
3825 432 4043 537 quod

844 562 1238 638 cochleam
1314 588 1462 638 esse
1549 562 2134 648 demonstrabo,
2217 562 2622 640 continens
2653 618 2674 652 ‚
2759 560 2859 636 ad
2945 590 3026 639 os
3121 545 3522 672 occipitale
3609 583 4038 643 externum.

839 697 1050 770 Haec
1118 694 1275 770 duo
1346 723 1503 772 ossa
1572 698 1986 775 maximam
2060 713 2362 800 partem
2429 719 2745 814 ffuoque
2813 693 3297 774 interiorem„
3333 716 3799 774 construunt
3873 703 4050 777 cavi.

846 826 1193 932 tympani
1242 821 1699 918 sectiondln‚
1765 825 2398 916 antivestibulum
2451 823 2792 926 Bojani
2843 854 3023 904 cum
3078 828 3216 904 illo
3264 848 3477 935 septo
3533 856 3772 916 osseo,
3810 831 4054 936 quod·

842 956 1257 1034 intercedit
1317 958 1524 1034 inter
1573 976 1990 1063 utramque
2037 978 2340 1065 partem
2387 957 2732 1034 caritatis
2797 948 3151 1065 tympani
3225 980 3304 1037 et
3376 961 3477 1036 ab
3537 980 3864 1064 angusto
3915 990 4033 1039 ca-

843 1089 1041 1180 nali,
1115 1090 1476 1208 transitui
1548 1093 2003 1169 columellae
2052 1091 2468 1183 destinato,
2538 1089 3000 1196 perforatur.
3126 1093 3230 1169 Os
3278 1093 3785 1171 mastoideum
3837 1124 4042 1199 mag-

843 1247 1026 1296 nam
1078 1221 1363 1298 format
1410 1223 1846 1319 cavitatem,
1898 1242 1993 1300 ut
2040 1223 2366 1300 cellulae
2415 1223 2501 1300 in
2542 1220 2966 1315 Crocodi10,
3018 1251 3202 1300 cum
3242 1221 3788 1302 antivestibulo
3837 1253 4039 1304 com-

845 1353 1396 1428 municantem.
1522 1355 1626 1430 Os
1696 1355 2037 1460 denique
2108 1357 2681 1461 tympanicum‚
2772 1356 3307 1432 membranam
3370 1359 3723 1462 tympani
3789 1360 4041 1435 solum

844 1484 1246 1587 excipiena
1300 1487 1551 1563 solum
1601 1477 1918 1591 quoque
1967 1488 2437 1563 anteriorem
2488 1487 2650 1562 cavi
2692 1488 3040 1592 tympani
3074 1488 3489 1564 sectionem
3526 1489 3785 1564 efficit.
3857 1490 4036 1565 Ossa

848 1615 1117 1716 organi
1168 1613 1483 1692 auditus
1551 1618 1809 1693 affinia
1861 1617 2129 1694 eadem
2191 1637 2523 1708 restant,
2590 1644 2793 1723 quae
2854 1619 2943 1694 in
2993 1619 3400 1698 crocodilo
3446 1620 3811 1714 fuerunt,
3880 1647 4037 1697 ossa

849 1744 1286 1847 parietalia‚
1341 1746 1775 1854 occipitalia
1826 1748 2214 1841 lateralia,
2263 1749 2756 1857 pterygoidea
2809 1777 2953 1828 nec
3002 1748 3163 1829 non
3210 1751 3838 1857 sphoenoideum.

2029 1928 2129 2026 C.
2237 1927 2369 2026 In
2426 1932 2870 2028 Lacertis.

1046 2133 1142 2203 In
1194 2127 1348 2205 illis
1396 2158 1716 2236 quoque
1764 2157 1882 2209 res
1928 2131 2259 2208 maxime
2324 2159 2505 2209 cum
2565 2157 2654 2209 ea
2725 2134 3024 2210 ratione
3090 2153 3562 2220 consonant,
3635 2159 3874 2239 quam
3949 2138 4033 2213 in

849 2258 1252 2335 Crocodilo
1309 2262 1746 2339 invenimus
1770 2260 1907 2361 ⁶⁵);
1983 2264 2513 2370 Labyrinthus
2560 2264 3098 2363 (vestibulum,
3175 2270 3476 2345 canales
3521 2269 4041 2346 semicircula-

851 2415 965 2463 ιω
1014 2408 1092 2466 et
1139 2390 1480 2484 cochlea)
1512 2383 1827 2500 'partim
1872 2397 1963 2471 in
2011 2421 2166 2473 osse
2213 2416 2538 2503 petroso,
2590 2427 2735 2505 pro
2785 2400 3041 2507 capite
3083 2402 3335 2478 multo
3379 2401 3653 2478 maiori
3680 2429 3918 2506 quam
3958 2401 4046 2480 in.

809 2522 1487 2627 'praecedentibus
1538 2526 1946 2605 ordinibus
1997 2530 2271 2621 fuerat,
2329 2533 2737 2636 partimin
2790 2533 3178 2640 occipitali
3213 2533 3513 2610 laterali
3557 2537 4042 2626 continetur,-

849 2677 925 2732 et
990 2659 1097 2733 ita
1167 2658 1533 2763 quidem,
1618 2679 1714 2737 ut
1791 2687 2073 2769 parvus
2134 2664 2423 2738 canalis
2487 2665 2903 2742 cochlearis
2966 2692 3147 2743 cum
3216 2666 3596 2743 foramine
3666 2664 4042 2756 rotundo,

753 2852 756 2859 .
851 2794 1070 2870 cuius
1133 2824 1385 2898 quum
1453 2798 1540 2874 in
1613 2800 2006 2875 anatomia
2080 2817 2521 2905 comparata
2576 2799 2729 2875 iam
2781 2799 3257 2873 mentionem
3309 2797 3600 2874 fecisset
3643 2800 4041 2890 Cuvier,

847 2929 1085 3003 situm
1153 2930 1202 3004 l.
1254 2931 1305 3006 l.
1357 2906 1674 3009 demum
1721 2932 2155 3010 accuratius
2220 2908 2795 3017 indicavit‚1ab
2862 2956 3016 3007 osse
3087 2912 3475 3036 occipitali
3535 2932 3835 3006 laterali
3886 2924 4064 3008 solo'

848 3059 1228 3137 formetur
1247 3097 1277 3155 ,-
1358 3063 1695 3141 fenestra
1762 3082 2026 3142 autem
2090 3064 2324 3143 ovalis
2397 3065 2496 3142 ab
2560 3080 2919 3169 utroque.
3063 3063 3492 3141 Trabecula
3574 3091 3775 3143 ossea
3841 3064 4047 3179 inter

1097 3356 1310 3424 naret,
1353 3347 1661 3429 situmque
1703 3314 1832 3411 eius
1873 3349 2104 3431 optime
2136 3318 2542 3428 describeret,
2588 3371 2667 3411 ne
2718 3348 2976 3412 verbum
3029 3348 3282 3433 quidem
3323 3348 3401 3409 de
3447 3371 3520 3410 ea
3564 3348 3823 3410 cavitate
3872 3347 4047 3427 fecit,

1099 3464 1179 3524 ad
1238 3484 1422 3546 quam
1460 3462 1660 3526 aditus
1697 3446 1804 3548 per
1835 3463 2003 3527 illam
2049 3475 2235 3548 patet.
2320 3464 2393 3527 In
2438 3470 2743 3528 anatomIa
2773 3479 3121 3550 comparata
3156 3438 3482 3527 fenestram
3515 3463 3841 3525 rotundam
3887 3484 4048 3525 non·-

1097 3579 1249 3640 dum
1293 3580 1491 3641 novit.
1574 3581 1980 3662 Roianus,
2026 3580 2329 3666 Scarpa
2370 3590 2432 3644 et
2457 3582 2666 3645 Pohl
2708 3582 3033 3666 utramque
3073 3586 3379 3666 ignorant.
3424 3580 3522 3657 ld,
3567 3581 4048 3662 quodBlain-

1094 3686 1301 3759 ville
1363 3696 1704 3759 »rudtment
1737 3697 1817 3759 de
1857 3698 2155 3780 Iimapon«
2221 3702 2532 3777 nominat,
2616 3698 2774 3762 nihil
2813 3698 2983 3761 aliud
3034 3708 3148 3770 est,
3193 3712 3381 3779 quam
3424 3696 3674 3757 insa-ior
3706 3719 3849 3780 pars
3891 3699 4048 3763 sacci

1099 3810 1527 3895 vestibularis,
1587 3815 1968 3879 restrictione
2002 3838 2059 3879 a
2104 3818 2418 3900 supeniore
2457 3814 2692 3893 divisa,
2757 3834 2943 3900 quam
2987 3815 3219 3896 optime
3253 3813 3612 3921 Boianuf
3639 3832 3900 3935 ffuoque
3940 3816 4052 3876 de-

1108 3930 1340 4012 pinxit3
1407 3950 1553 4003 nam
1595 3935 1645 3993 si
1696 3930 1852 4003 illud
1911 3952 2186 4017 organon
2212 3979 2233 4017 ,
2307 3933 2478 4017 quod
2527 3953 2641 4016 ego
2683 3928 2999 3995 cochleam
3048 3950 3178 3992 esse
3216 3941 3412 4014 puto,
3469 3931 3756 4012 vidisset,
3799 3933 4052 3999 minime

1099 4043 1519 4130 labyrinthum
1541 4092 1561 4129 ‚
1620 4068 1834 4112 versus
1882 4070 2102 4112 cavum
2138 4050 2417 4133 tympani
2437 4090 2458 4127 ,
2518 4067 2709 4108 unam
2756 4024 3141 4107 solummodo
3188 4059 3539 4131 aperturam
3605 4046 3833 4108 habere
3880 4043 4049 4106 affir-

1104 4174 1319 4224 maret.
1457 4164 1612 4227 Eam
1667 4165 2162 4247 Blainvillii‚
2233 4166 2422 4247 ipsius
2482 4162 2736 4225 Cuvie
2760 4162 2831 4224 ri
2890 4161 3271 4247 aliorumque
3309 4164 3388 4226 de
3431 4162 3755 4227 testudinis
3803 4159 4050 4223 cochlea

1099 4280 1421 4371 hucusque
1461 4279 1673 4342 habita
1687 4327 1709 4360 ‚
1767 4283 2127 4342 sententiam
2181 4278 2398 4342 salsam
2441 4297 2570 4340 esse
2627 4278 2792 4351 insta
2840 4279 3294 4363 demonstrabo.
3381 4281 3557 4363 Quae
3598 4278 3678 4341 de
3730 4277 4051 4359 tamdiu&

1119 4396 1369 4460 cochlea
1419 4398 1696 4481 proferre
1729 4399 1793 4459 in
1833 4399 2034 4459 animo
2072 4407 2202 4480 est,
2254 4399 2322 4488 ‘ai
2359 4397 2731 4491 mentionem
2780 4398 3076 4485 seneen-ae
3120 4396 3420 4481 rogundae
3463 4396 3686 4481 excipis
3705 4442 3728 4482 ,
3795 4414 4047 4482 prorsus

1098 4533 1260 4575 nova
1312 4525 1475 4576 sunt.
3167 4542 3177 4551 ·

928 4626 1044 4712 65)
1087 4628 1136 4692 C
1156 4630 1294 4718 uvi
1312 4649 1347 4692 e
1364 4650 1400 4693 r
1438 4627 1675 4726 Quem.
1689 4629 1871 4721 fissi
1902 4627 2085 4705 Tem.
2108 4629 2191 4701 V.
2238 4651 2303 4716 p.
2328 4631 2480 4700 253.
2530 4572 2616 4723 pl.
2635 4628 2818 4727 {VI-
