4650 5525
1537 1793 2994 1921 PROOEMIUM.

679 2495 859 2628 Eo
921 2537 1399 2650 lubentius
1477 2513 1729 2637 hanc
1807 2541 2352 2640 scribendae
2430 2544 3096 2638 dissertationis
3167 2544 3661 2635 materiam
3701 2610 3721 2649 ‚
3796 2569 3853 2631 a

672 2729 931 2829 Prof.
1016 2734 1089 2829 Ι.
1147 2735 1255 2833 Μ
1281 2743 1737 2855 iillero‚
1823 2744 2001 2838 vir.
2063 2745 2174 2836 el.
2202 2741 2245 2856 ‚⁶
2311 2747 2896 2869 propositam
2938 2815 2959 2858 ,
3051 2745 3531 2868 amplexus
3593 2775 3849 2853 sum,

678 2966 869 3056 qua
930 2939 1274 3029 maiori
1332 2940 1817 3066 voluptate
1871 2971 1987 3037 ac
2038 2942 2404 3058 studit),
2492 2900 2712 3036 inde
2768 2941 2891 3035 ab
2951 2972 3060 3036 eo
3121 2958 3586 3073 tempore,
3657 2970 3852 3062 quo

670 3136 1102 3252 primum
1194 3142 1777 3229 anatomicae
1850 3144 2078 3229 artis
2163 3142 2861 3230 exercitationes
2939 3139 3141 3256 ipse
3239 3139 3541 3229 facere
3612 3140 3853 3228 ince-

670 3361 999 3451 peram
1031 3401 1054 3443 ,
1163 3334 1264 3424 in
1352 3324 1964 3429 examinanda
2046 3352 2246 3430 tam
2322 3331 2743 3427 hominis
2775 3403 2797 3445 ,
2905 3364 3197 3457 quam
3293 3335 3850 3426 animalium

685 3544 954 3643 aure,
1038 3562 1407 3655 semper
1491 3534 1957 3629 versabar.
2103 3530 2407 3656 quue
2487 3536 2849 3655 ipsum,
2881 3536 3137 3645 ,licet
3191 3533 3456 3627 baud
3512 3567 3853 3656 parvas

544 3710 549 3717 ’
672 3730 1010 3821 scirem
1113 3734 1216 3824 in
1313 3735 1497 3825 hac
1588 3767 1695 3826 re
1789 3733 2462 3855 perscrutanda
2578 3734 3175 3829 difficultates
3290 3736 3536 3840 mihi
3647 3739 3849 3829 fore

672 3926 1285 4042 superandas„
1350 3929 1607 4026 bono
1693 3967 1848 4030 me
1924 3938 2244 4029 animo
2321 3967 2511 4029 esse
2591 3933 3015 4045 iubebat,
3119 3932 3384 4056 quod
3464 3937 3618 4027 vir
3686 3937 3846 4026 ille
3955 3986 3972 3997 -

671 4127 1089 4246 optimus
1114 4198 1137 4238 ‚
1230 4146 1451 4222 nota
1509 4165 1679 4227 sua
1742 4169 1963 4260 erga
2018 4138 2528 4261 discipulos
2594 4136 3156 4231 liberalitate
3210 4166 3321 4229 ac
3378 4134 3798 4230 bonitate
3822 4210 3845 4249 ‚

668 4350 863 4413 nou
923 4328 1234 4419 solum
1299 4334 1795 4425 consilium
1855 4337 2385 4457 incipienti,
2466 4337 2625 4429 sed
2697 4292 2980 4429 etiam
3043 4337 3683 4458 qualicunque
3740 4339 3866 4426 in·

660 4546 769 4628 re
845 4523 1153 4619 ardum
1224 4529 1644 4625 haerenti
1711 4532 2375 4659 dubitantique
2455 4539 2701 4629 mihi
2759 4539 3220 4630 auxilium
3280 4535 3841 4629 humanissi-

652 4742 819 4807 me
878 4721 1522 4837 pollicebatur.
1640 4731 1986 4849 Qualia
2066 4740 2150 4828 ei
2233 4755 2323 4830 et
2409 4756 2766 4861 quanta
2822 4738 3265 4851 debeam,
3327 4769 3438 4833 eo
3496 4738 3840 4830 clarius

2198 5338 2673 5441 582662
