4650 5525
2186 236 2716 332 ...6.-

866 528 1071 598 teus,
1126 534 1285 582 non
1342 504 1731 610 palpebris
1783 505 2196 581 instructos
2254 505 2540 582 babere
2593 503 2706 600 ⁸⁵)-
2805 508 3204 612 Optimam
3257 505 3849 586 delineationem
3919 537 4038 585 ca-

860 637 1049 743 pitis
1092 636 1433 716 Axelotis
1500 634 1805 740 alfaeie·
1873 636 2261 740 superiori
2328 656 2407 712 et
2473 637 2824 714 inferiori
2892 639 3030 715 visi
3096 640 3407 716 exhibet
3479 643 3848 718 Cuvier
3903 640 4038 735 ⁸⁶),-

867 796 1124 872 neque
1182 790 1437 845 tamen
1487 768 1571 844 in
1624 767 2138 872 desciptione
2186 769 2592 846 foraminis
2633 774 2903 858 ovalis,
2979 774 3327 876 quamvis
3375 773 3773 862 delineati‚
3829 798 4037 850 men-

864 906 1150 1010 tionem
1205 902 1418 990 facit,
1478 927 1731 1002 neque
1776 919 2193 1006 apparatus
2241 903 2487 992 illius,
2538 932 2698 1007 quo
2749 906 3194 982 occluditur
3248 907 3364 1002 ¹7).

1062 1069 1536 1145 Vestibulum
1614 1070 1890 1146 cavitas
1957 1068 2407 1161 rotundior,
2483 1095 2722 1171 quam
2794 1070 2928 1145 issa
2983 1073 3276 1162 Protei,
3355 1073 3439 1147 in
3515 1093 3666 1150 osse
3731 1092 4029 1176 petroso

859 1223 1015 1288 est,
1083 1203 1297 1305 quod
1362 1203 1460 1277 ab
1538 1227 1690 1278 osse
1741 1203 2129 1307 parietali,
2203 1204 2633 1308 occipitali,
2689 1203 3206 1310 sphoenoideo
3257 1224 3333 1280 et
3385 1207 3825 1310 tympanico
3877 1207 4027 1279 cir-

861 1334 1293 1411 cumdatur.
1400 1335 1607 1411 Haec
1676 1338 1955 1411 cavitas
2023 1361 2323 1410 saccum
2396 1337 2741 1413 continet
2790 1363 2972 1413 cum
3021 1336 3401 1412 canalibus
3461 1339 4029 1412 semicirculari-

861 1468 997 1541 bus
1057 1466 1331 1550 tribus,
1385 1494 1721 1570 quorum
1776 1465 2166 1571 dispositio
2240 1467 2390 1542 ia'm
2464 1463 2710 1570 magis
2752 1469 2906 1551 illi,
2975 1495 3213 1572 quam
3265 1469 3348 1543 in
3399 1468 3604 1544 ranis
3655 1459 4021 1556 ridemus,

857 1597 1499 1673 accommodatur.
1602 1600 1906 1674 Canalis
1955 1619 2314 1674 externus
2370 1598 2458 1693 ¹⁸)
2536 1628 2811 1706 nempe
2865 1604 3019 1677 iam
3092 1627 3265 1676 vere
3328 1601 3817 1677 horizontalis
3883 1620 4022 1687 est,

855 1730 989 1803 alii
1044 1732 1387 1806 anterior
1444 1728 1537 1825 ¹9)
1602 1749 1683 1806 et
1748 1732 2120 1835 posterior
2171 1729 2269 1825 ²⁰)
2340 1734 2837 1822 nominandi,
2901 1761 3156 1811 versus
3221 1735 3620 1810 internum
3669 1733 4024 1809 vestibuli

852 1864 1223 1966 parietem
1276 1865 1360 1938 in
1417 1868 1794 1967 angulum
1847 1887 2434 1957 concurrentes,
2488 1869 2573 1941 in
2627 1894 2879 1941 unum
2927 1867 3375 1950 confluunt,
3445 1866 4025 1971 ampullamque

854 2020 1341 2071 communem
1407 1996 1767 2072 formant.
1888 2000 2288 2102 Ampullas
2354 1999 2484 2074 hic
2552 1997 2634 2072 in
2707 1996 3066 2073 omnibus
3131 1998 3528 2072 canalibus
3598 1998 3791 2072 bene
3837 1995 4024 2072 vidi.

852 2126 926 2200 Si
980 2129 1360 2203 rationem
1411 2147 1736 2233 spectas.
1801 2156 1956 2231 qua
2008 2132 2307 2206 canales
2357 2131 2920 2206 membranacei
2973 2128 3450 2218 retinentur,
3529 2127 3657 2202 hic
3704 2130 4024 2202 clarissi-

850 2283 973 2330 me
1028 2284 1113 2331 ea
1166 2258 1372 2346 vidi,
1430 2288 1629 2363 quae
1677 2263 1910 2337 etiam
1962 2264 2048 2338 in
2081 2268 2355 2340 Proteo
2404 2264 2826 2367 suspicatus
2873 2287 3064 2337 sum.
3166 2262 3340 2335 Non
3390 2259 3673 2335 adsunt
3724 2261 4021 2334 canales

852 2393 1072 2478 ossei,
1127 2393 1255 2467 sed
1313 2394 1554 2469 tribus
1604 2396 1789 2470 locis
1843 2395 1943 2469 ad
1993 2399 2342 2472 canalem
2392 2415 2828 2484 externum,
2882 2394 3347 2469 anteriorem
3376 2412 3455 2468 et
3491 2393 4018 2497 posteriorem

850 2524 1100 2599 tenuis
1158 2526 1811 2603 trabeculaossea
1864 2530 2433 2617 semicanalem‚
2513 2529 2612 2602 ab
2662 2544 2928 2632 aperto
2978 2527 3215 2601 latere
3263 2551 3444 2599 eum
3492 2522 4017 2609 circumdans,

847 2660 1316 2761 completum
1370 2658 1661 2752 reddit3
1716 2661 1821 2736 ita
1876 2680 1966 2735 ut
2012 2662 2264 2764 quivis
2317 2661 2599 2736 horum
2653 2661 2893 2733 trium
2941 2659 3027 2734 in
3076 2683 3371 2733 summa
3415 2657 3804 2748 canalium
3844 2682 4016 2729 cur-

843 2806 1111 2862 vatura
1162 2793 1461 2865 annulo
1532 2817 1737 2867 osseo
1806 2795 2025 2895 quasi
2092 2819 2498 2897 suspensus
2547 2809 2947 2896 appareat,
3026 2788 3215 2864 dum
3284 2789 3644 2901 omnibus
3709 2790 3878 2864 aliis
3929 2790 4017 2866 iu

840 2923 1195 3024 partibus
1270 2924 1687 3003 filamentis,
1735 2926 2108 3001 tenuibus.
2147 2926 2589 3005 semicanali
2645 2950 2847 3003 osseo
2899 2923 3164 2998 affixus
3211 2921 3328 2997 sit.

1035 3087 1314 3164 Saccas
1351 3093 1684 3194 repletus
1710 3110 1820 3167 est
1871 3119 2109 3167 massa
2158 3087 2704 3195 amylacea²¹)‚
2759 3080 3584 3191 quae'rotundiorest,
3639 3114 3875 3189 quam
3927 3084 4012 3162 in
4121 3102 4130 3109 '

843 3224 1115 3293 Proteo
1169 3242 1246 3294 et
1294 3221 1829 3307 Salamandra,
1896 3240 1974 3293 et
2039 3222 2475 3320 quidquam
2542 3221 2835 3317 durior.
2938 3223 3208 3295 Saccus
3270 3236 3346 3292 et
3394 3220 3692 3292 canales
3744 3220 4011 3291 multis

838 3356 1025 3426 vasis
1083 3350 1658 3454 sanguiniferis‚
1731 3367 1821 3424 ut
1894 3350 1980 3424 in
2028 3350 2521 3425 Salamandra
2600 3349 3137 3449 coloressusco
3213 3348 3643 3449 insignibus
3711 3366 4005 3421 exstru-

841 3484 943 3557 cti
998 3478 1200 3558 sunt-
1304 3484 1709 3555 Foramina
1758 3482 2226 3559 vestibulum
2283 3482 2435 3559 tria,
2482 3480 2746 3572 habet,
2799 3480 3325 3583 angustissima
3351 3477 3543 3567 duo,
3601 3479 3683 3553 in
3717 3480 4009 3582 pariete

1156 3734 1372 3745 *-

892 3878 1032 3955 Χ15)
1071 3876 1166 3936 Eo
1210 3872 1423 3939 differt,
1479 3896 1513 3933 a
1576 3873 1810 3932 Proteo⁴
1844 3870 2173 3947 Axolotes,
2240 3873 2408 3953 quod
2461 3871 2646 3931 habet
2702 3873 3030 3931 cavitatem
3089 3872 3218 3929 nasi
3274 3865 3497 3944 latam,
3558 3886 4004 3947 compressam,

1084 4013 1213 4053 non.
1253 3988 1490 4052 laminis
1534 3995 1930 4065 instructam„
1974 3989 2220 4071 qualem
2260 3990 2555 4065 Proteus,
2614 3968 2874 4047 maxima
2923 3987 3183 4068 piscium
3230 3981 3677 4065 similitudine,
3727 3984 4012 4043 ostendit..

925 4106 1030 4179 16)
1080 4107 1499 4185 Ossem.jbss.⁴
1542 4109 1729 4171 Tum,
1749 4109 1835 4171 V..
1876 4106 2104 4190 p.415.
2153 4107 2237 4190 pt.
2284 4106 2543 4167 XXV11.
2591 4105 2728 4188 Fig.
2766 4103 2863 4182 24-
2905 4114 2965 4167 et
3010 4102 3107 4168 25.

930 4222 1510 4307 17)Tab.1.,Fig.
1576 4246 1645 4289 1.,
2635 4280 2642 4293 ,
2721 4276 2727 4283 .
2805 4248 2812 4255 ·
3153 4233 3164 4245 ’

925 4339 1030 4414 18)
1076 4339 1231 4403 Tab.
1279 4341 1327 4405 l.
1374 4340 1510 4420 Fig.
1543 4342 1602 4405 5.
1645 4365 1707 4401 a.

922 4466 1025 4538 19)
1070 4454 1225 4516 Tab.
1274 4458 1318 4517 1.
1359 4458 1493 4538 Εἰς.
1542 4460 1594 4518 3.
1642 4457 1698 4516 h.

921 4575 1020 4650 20)
1064 4570 1222 4637 Tab.
1270 4572 1317 4631 1.
1367 4573 1501 4653 Fig.
1553 4574 1607 4636 5.
1650 4594 1711 4655 ρ.
1820 4550 1827 4555 ’

915 4692 1012 4766 2¹)
1060 4689 1217 4748 Tab.
1265 4689 1313 4749 Ι.
1356 4689 1490 4771 Fig.
1538 4690 1592 4750 3.
1639 4688 1699 4755 d.
