4650 5525
1964 310 2082 325 ....
2201 243 2562 343 41·-

874 518 1355 624 Memsranae
1403 513 1843 591 vasculosae.
1895 514 2396 617 Quamquam
2448 513 2534 587 in
2581 511 2728 587 bac
2780 506 3228 618 membrana
3277 533 3446 618 vasa
3504 534 3658 582 non
3703 526 3856 584 tam

675 651 1073 757 pexspicue
1123 650 1281 726 vidi
1329 676 1568 752 quam
1619 648 1704 720 in
1751 645 2063 736 avibus,
2130 664 2389 720 tamen
2457 643 2604 717 hoc
2668 670 2837 718 eam
2905 639 3221 716 nomine
3293 665 3479 713 voco
3558 639 3655 714 ob
3721 640 3855 730 has
3933 747 3940 752 ἱ

677 811 953 860 causas.
1059 782 1371 858 Etenim
1422 780 1568 856 hac
1618 803 1948 881 queque,
1985 778 2069 852 in
2124 803 2248 866 re,
2319 794 2414 851 ut
2469 776 2554 849 in
2604 774 2773 849 aliis
2823 770 3216 879 pluribus,
3269 796 3517 872 quum
3568 769 3863 844 detexe-

552 994 561 1004 ,
677 917 831 992 rim
896 915 1026 1006 id,
1092 912 1308 1018 quod
1354 913 1452 990 ab
1519 911 1746 989 initio
1798 901 2156 1004 laminas,
2212 929 2305 986 ut
2355 910 2442 983 in
2494 908 2762 984 avibus
2811 905 3274 992 habueram,
3327 902 3868 978 cohaerentem

676 1072 1189 1151 rugosamque
1238 1039 1770 1121 membranam
1819 1068 2000 1135 esse,
2058 1070 2281 1120 causa
2334 1041 2531 1117 mihi
2580 1059 2815 1143 atque
2866 1037 3461 1114 incitamentum
3499 1051 3714 1178 prat,
3774 1053 3868 1108 ut

678 1179 763 1255 in
816 1180 1142 1258 laminas
1188 1178 1451 1253 avium
1499 1204 1546 1252 a
1591 1174 2011 1252 Trevirano
2077 1175 2492 1281 descriptas
2559 1175 2846 1249 iterum
2919 1171 3468 1271 investigarem.
3497 1161 3544 1210 ’Ὃ
3587 1165 3865 1270 Ibique

676 1336 929 1412 quum
978 1336 1139 1387 rem
1192 1311 1468 1400 talem,
1536 1306 1848 1409 qualem
1898 1305 2304 1415 descripsi,
2376 1307 2867 1389 invenissem,
2923 1328 3149 1379 nemo
3198 1327 3418 1406 spero
3468 1300 3648 1387 erit,
3718 1298 3861 1400 qui

680 1442 1122 1545 improbare
1171 1441 1462 1546 poterit
1506 1467 1629 1518 me
1678 1441 1883 1518 banc
1934 1439 2302 1516 crocodili
2333 1439 2901 1527 membranam,
2953 1433 3219 1509 eadem
3266 1431 3426 1507 fere
3477 1432 3724 1507 forma
3775 1459 3864 1504 ac

680 1594 1069 1651 structura
1123 1573 1540 1675 insignem,
1608 1557 1770 1648 iam
1837 1599 2150 1676 quoque
2217 1597 2361 1677 pro
2409 1569 2807 1674 'vasculosa
2860 1565 3164 1641 babere.
3268 1564 3737 1638 Invenimus·
3785 1564 3869 1636 in

681 1706 1082 1782 Crocodilo
1134 1705 1327 1781 duos
1401 1707 1675 1781 talium
1728 1705 2201 1780 laminarum
2258 1701 2597 1792 ordines,
2672 1702 2789 1775 vel
2838 1699 3099 1804 potius
3148 1696 3632 1771 membranas
3682 1693 3869 1768 duas

682 1863 1035 1940 rugosas,
1090 1834 1632 1939 magnitudine
1668 1836 2025 1942 impares,
2074 1835 2220 1910 sibi
2260 1833 2642 1938 oppositas
2689 1848 2768 1905 et
2803 1830 2889 1908 in
2940 1854 3271 1905 convexa
3322 1825 3870 1928 cartilaginum

682 1967 1085 2072 superficie
1136 1966 1555 2041 haerentes.
1612 1967 1908 2060 *Maior
1962 1985 2041 2042 et
2089 1965 2316 2072 latior
2372 1961 2474 2058 37)
2547 1949 2818 2044 earum
2881 1960 3259 2065 originem
3326 1957 3546 2034 ducit
3612 1958 3713 2031 ab
3780 1983 3867 2031 ea

685 2098 1137 2201 cartilagine
1187 2094 1671 2204 (anteriore),
1739 2124 1940 2201 quae
1990 2124 2224 2174 nervo
2276 2097 2622 2208 opposita
2674 2116 2810 2184 est,
2877 2093 2972 2169 de
3023 2122 3181 2198 qua
3245 2093 3489 2168 libere
3539 2116 3874 2198 propen-

687 2231 854 2322 det,
931 2260 1181 2333 quum
1255 2257 1518 2333 margo
1582 2231 1779 2304 alter
1829 2230 2115 2304 nullibi
2179 2227 2478 2303 adfixus
2550 2229 2692 2321 sit3
2765 2255 3004 2330 quam
3069 2226 3171 2302 ob
3215 2247 3379 2300 rem
3428 2250 3576 2300 acu
3628 2248 3871 2324 usque

684 2361 787 2435 ad
838 2362 1217 2463 originem
1269 2387 1488 2436 suam
1537 2360 1819 2436 elevari
1870 2379 2136 2465 potest.
2236 2349 2516 2437 Iisdem
2582 2361 2791 2462 rugis
2838 2351 2941 2455 ³⁸)
3008 2358 3328 2434 materia
3374 2359 3698 2463 pulposa
3730 2356 3878 2431 cir-

684 2490 1065 2574 cumdatis
1108 2490 1692 2595 interstitiisque
1724 2493 2086 2597 separatis
2123 2493 2499 2569 instructa
2548 2512 2690 2583 est,
2742 2492 3030 2596 quibus
3079 2493 3165 2569 in
3196 2517 3330 2567 ave
3355 2547 3373 2580 ,
3428 2490 3574 2564 hoc
3612 2487 3877 2564 discri-

685 2623 940 2708 mine,
992 2640 1084 2700 ut
1131 2651 1290 2726 quo
1341 2623 1579 2726 magis
1629 2623 2066 2726 cartilagini
2119 2622 2833 2729 adpropinquetur,
2902 2648 2990 2696 eo
3056 2623 3369 2728 planior
3433 2639 3511 2696 et
3563 2621 3874 2696 tenuior

688 2755 854 2844 fiat,
908 2783 1170 2859 margo
1220 2755 1424 2831 liber
1476 2751 1575 2851 39)
1626 2772 1895 2831 contra
1951 2755 2315 2860 plurimis
2365 2755 2575 2859 rugis
2623 2754 3054 2832 undulatus
3119 2782 3208 2832 ac
3257 2780 3431 2830 vere
3500 2754 3877 2859 crispatus
3983 2822 4002 2831 -

646 2946 661 2953 -
686 2905 1071 2991 appareat.
1177 2889 1621 2963 Convexum
1669 2913 1924 2963 versus
1974 2888 2175 2963 latus
2222 2914 2460 2990 rugae
2509 2890 2746 2991 magis
2794 2917 3034 2993 quam
3080 2888 3167 2963 in
3217 2914 3550 2964 concavo
3593 2887 3882 2992 promi-

685 3038 870 3111 nere
916 3014 1304 3091 videntur.
1384 3018 1604 3112 Quae
1654 3019 2138 3108 membrana,
2189 3019 2449 3092 velum
2499 3021 2718 3120 quasi
2769 3002 3290 3107 nominanda,
3343 3018 3407 3091 si
3457 3043 3606 3090 acu
3656 2994 3883 3119 quidss

687 3173 927 3249 quam
976 3146 1060 3221 in
1113 3149 1362 3221 altum
1416 3146 1851 3236 tolleretur,
1923 3147 2295 3220 laminam
2343 3132 2709 3251 spiralem
2759 3171 2941 3221 cum
2994 3147 3208 3222 fibris
3257 3172 3683 3223 nervorum
3748 3146 3881 3221 ob-

687 3293 947 3380 tegens
1009 3277 1450 3384 apparebat·
1571 3278 1689 3352 Ex
1756 3278 1995 3354 altera
2062 3278 2512 3381 cartilagine
2579 3277 2890 3369 similis,
2966 3275 3098 3353 sed
3168 3278 3419 3354 multo
3486 3278 3885 3385 angustior

682 3408 1140 3502 ,membrana
1191 3394 1291 3501 4⁰)
1386 3407 1767 3512 originem
1857 3408 2189 3485 ducebat
2218 3468 2240 3501 ‚
2331 3408 2427 3485 de
2527 3439 2682 3514 qua
2756 3430 3021 3488 autem
3101 3413 3304 3486 solus
3388 3437 3654 3514 margo
3741 3409 3887 3485 cri-

693 3561 955 3648 spatus
1028 3540 1609 3647 undulatusque
1661 3540 1749 3617 in
1800 3562 2297 3648 conspectum
2371 3524 2748 3618 veniebat.
2872 3547 3089 3619 Inter
3160 3562 3577 3645 utramque
3650 3567 3889 3617 mem-

689 3671 1019 3773 branam
1082 3699 1416 3749 vacuum
1463 3691 1541 3749 et
1603 3694 2018 3776 angustum
2069 3672 2576 3749 interstitium
2613 3670 2725 3769 ·4·)
2795 3654 3288 3778 conspicitur.
3413 3675 3680 3776 Neque
3751 3672 3884 3746 hic

686 3827 963 3876 nervos
1060 3804 1148 3877 in
1243 3822 1625 3915 utraque&
1664 3806 2141 3882 membrana
2198 3803 2809 3882 animadvertere
2890 3806 3157 3910 potui,
3259 3830 3561 3907 eosque·
3633 3803 3887 3880 adesse

692 3949 1101 4039 propterea
1194 3960 1283 4009 eo
1366 3936 1604 4038 magis
1680 3933 1994 4030 dubito,
2063 3937 2279 4049 quod
2344 3938 2594 4018 maior
2664 3937 2983 4018 illarum
3076 3936 3713 4016 membranarum
3784 3918 3884 4009 ab

692 4122 1314 4169 ··⁶···-³····-r----
2140 4062 2181 4131 X*

779 4238 1087 4321 37),Tab.
1129 4239 1183 4308 1.
1230 4243 1364 4326 Fig.
1426 4245 1515 4307 13.
1553 4246 1619 4314 d.
1664 4244 1732 4316 d·

686 4420 701 4431 ·
736 4350 897 4435 ,68)-
942 4355 1103 4425 Tab.
1149 4359 1384 4445 1.¹Fig.
1440 4358 1533 4429 16.

782 4465 894 4547 ’59)
937 4466 1094 4530 Tah.
1140 4474 1186 4533 1.
1228 4475 1368 4556 Fig.
1422 4479 1513 4539 15.

779 4579 887 4661 40)
929 4581 1087 4650 Tab.
1134 4587 1183 4647 I.
1230 4589 1367 4670 Fig.
1424 4592 1517 4658 13.
1559 4612 1614 4660 e.

779 4695 897 4780 41)
943 4699 1104 4763 Tab.
1149 4702 1202 4764 1.
1241 4704 1379 4787 Fig.
1431 4708 1617 4787 113.st
