4650 5525
1962 335 2571 408 .—V11····.·

678 560 1263 658 monstravit.
1368 552 1675 645 Haud
1745 537 2063 684 minus
2121 585 2502 648 omnem
2564 543 3125 680 apparatum
3186 586 3468 647 suum
3520 557 3854 647 instru-

620 778 1224 884 „mentorum
1332 758 2235 875 microscopicorum
2337 755 2790 849 benevole
2899 758 3144 847 mihi
3250 759 3694 887 concessit
3751 748 3855 868 Ὗ).

680 960 1059 1076 Quibus
1145 955 1429 1049 rebus
1507 956 1950 1058 omnibus
2044 981 2262 1049 eum
2348 962 2444 1047 in
2535 958 2933 1050 modum
3024 985 3180 1048 me
3260 958 3597 1074 eximia
3660 958 3856 1050 eins

677 1160 1224 1250 humanitas
1284 1156 1736 1277 obligavit
1768 1227 1788 1265 ,
1872 1173 2009 1247 ut·
2071 1162 2261 1252 fere
2321 1156 3006 1278 desperandum
3068 1160 3186 1246 sit
3219 1228 3239 1262 ‚
3332 1187 3484 1245 me
3569 1159 3855 1245 iustas

554 1350 561 1356 ’
683 1361 767 1451 ei
849 1375 1148 1479 grates
1231 1389 1662 1489 unquam
1740 1360 2081 1454 referre
2168 1389 2495 1482 posse3
2607 1359 2795 1448 hoc
2874 1388 3178 1446 unum
3238 1359 3335 1445 in
3400 1360 3640 1448 votis
3694 1357 3855 1446 ha-

677 1559 895 1667 he0,
987 1574 1095 1650 ut
1163 1558 1490 1686 saltem
1567 1561 1667 1646 in
1747 1559 1929 1650 hac
2011 1559 2214 1681 ipsa
2294 1557 2932 1650 dissertatione
3010 1558 3329 1679 aliqua
3394 1559 3848 1663 inveniat,

683 1788 925 1878 quae
994 1760 1096 1845 in
1194 1786 1476 1846 suum
1556 1757 2281 1878 studiorumque
2359 1790 2754 1850 suorum
2849 1786 3128 1858 usum
3209 1758 3555 1849 iterum
3640 1784 3846 1845 con-

524 1972 541 1992 ·
678 1971 1038 2047 vertere
1101 1972 1423 2076 queat.-

905 2150 1236 2272 Neque
1297 2156 1613 2245 minus
1680 2155 2078 2274 gaudeO,
2170 2188 2323 2247 me
2400 2156 2776 2276 publice
2839 2156 2999 2247 hic
3075 2159 3394 2246 locum
3462 2171 3842 2245 nactum

674 2377 904 2458 esse,
955 2381 1150 2471 quo
1184 2356 1522 2469 gratias
1559 2383 1923 2475 agerem
1963 2349 2214 2445 Prof.
2258 2358 2772 2447 clarissimo
2803 2356 2971 2446 Ma
2995 2386 3317 2478 yerO,
3380 2360 3548 2477 qui
3617 2389 3836 2446 cum

679 2577 1063 2668 semper
1140 2580 1406 2640 suam
1472 2585 1701 2672 erga
1776 2586 1929 2645 me
2007 2555 2745 2647 benevolentiam
2832 2556 3482 2674 comprobavit
3523 2627 3541 2662 ‚
3634 2572 3843 2643 tum
3967 2643 3973 2648 .

554 2842 561 2849 ,
666 2747 1110 2867 inprimis
1160 2751 1348 2842 hoc
1406 2754 1746 2844 ultimo
1806 2703 2344 2848 studiornrri
2411 2785 2847 2847 meorum
2937 2772 3356 2875 tempore
3470 2786 3578 2846 eo
3637 2788 3846 2874 pro-

674 2976 1061 3062 gressus·
1098 2968 1230 3041 est
1291 2952 1906 3046 humanitatis
1940 3027 1958 3063 ‚
2036 2908 2174 3048 ut·
2211 2975 2297 3050 et
2358 2946 2809 3048 Proteum
2874 2972 2960 3043 et
3028 2984 3413 3075 magnae
3471 2957 3843 3045 testudi-

667 3142 810 3229 nis
911 3163 1193 3264 caput
1305 3178 1410 3235 ex
1507 3156 2055 3241 anatomicis
2140 3154 2788 3241 Universitatis
2879 3166 3246 3277 nosirae
3329 3156 3838 3258 thesauriS,

664 3337 1202 3433 dissecanda
1262 3348 1504 3435 mihi
1579 3352 2226 3441 committeret.

902 3504 1105 3630 Iam
1208 3546 1341 3632 nil
1421 3561 1700 3636 restat
1735 3618 1786 3656 ‚,
1882 3580 2170 3670 quam
2242 3565 2356 3640 ut
2428 3549 2545 3640 de
2632 3578 2875 3641 nova
2961 3550 3415 3641 divisione
3489 3554 3840 3643 anima-

664 3737 904 3825 lium
987 3740 1123 3829 ad-
1166 3742 1414 3834 hanc
1475 3747 1852 3837 classem
1917 3750 2585 3867 pertinentium
2613 3820 2633 3856 ,
2716 3749 2967 3839 unde
3033 3748 3589 3868 deprompta
3671 3756 3831 3860 sit,
3907 3816 3920 3831 .

666 3935 1127 4025 rationem
1216 3941 1632 4034 reddam.
1764 3945 1927 4037 Est
2001 3950 2162 4039 illa
2239 3976 2626 4070 quoque
2703 3978 2758 4037 a
2838 3947 3219 4040 Miille
3242 3976 3369 4038 ro
3457 3980 3830 4040 mecum

780 4384 893 4511 -*)
942 4390 1135 4469 Usus
1177 4418 1350 4471 sum
1418 4414 1729 4509 praeter
1783 4400 2044 4504 plures
2105 4402 2348 4478 lentes
2406 4402 2836 4513 simpliecsg
2897 4403 3399 4510 microscopio
3454 4405 3822 4511 simplici,

963 4578 1066 4629 ex.
1127 4542 1372 4637 tribus
1431 4562 1769 4687 lentibus
1833 4582 2224 4645 constante
2257 4624 2279 4661 ,
2388 4568 2683 4675 optimo
2731 4595 2847 4648 -ex
2908 4569 3201 4647 fabrica
3275 4572 3394 4648 Ba
3417 4572 3825 4649 umanni

949 4719 1585 4824 'stuttgardiensis
1629 4748 1707 4807 et
1764 4730 2036 4809 maiori
2084 4732 2589 4842 microscopio
2654 4735 3106 4843 composito,
3165 4737 3508 4838 anglico..
