4650 5525
2140 306 2690 366 ...vl-..-

817 530 1349 648 apparebit,
1452 530 1529 617 si
1591 529 2050 620 rationem
2085 599 2104 633 ‚
2207 558 2497 649 quam
2582 531 2678 616 in
2745 528 2929 616 hac
2988 556 3090 615 re
3147 528 3631 619 tractanda
3691 558 3996 651 prose·

827 745 1099 818 cutus
1156 732 1369 836 sim,
1432 731 1865 846 protinus
1922 756 2462 848 exposuero,
2583 727 2850 817 Duae
2893 757 3037 818 res
3087 729 3525 848 inprimis
3568 728 3993 840 aderant,

822 928 942 1016 ad
1023 957 1255 1048 quas
1339 928 1767 1025 animum
1855 957 2082 1047 prae
2142 927 2466 1016 ceteris
2526 929 2961 1016 revocavi
2994 997 3016 1036 ‚
3102 942 3675 1018 structuram
3737 932 3994 1020 auris

825 1157 1152 1215 eorum
1214 1125 1769 1214 animalium
1830 1085 2125 1245 quam
2186 1154 2550 1244 possem
2612 1123 3309 1244 diligentissime
3379 1132 3991 1247 perscrutari,

826 1355 1239 1444 quorum
1317 1337 1654 1411 natura
1733 1323 2260 1412 novissimis
2320 1322 2708 1434 demum
2769 1325 3354 1445 temporibus
3423 1326 3996 1452 doctissimo·

826 1550 1043 1612 rum
1135 1527 1564 1614 virorum
1661 1522 1992 1614 studiis
2068 1526 2534 1615 illustrata
2616 1529 2764 1616 vel
2850 1528 3277 1645 primum
3373 1527 3739 1645 cognita
3820 1542 3995 1633 est3

824 1738 1032 1810 tum
1108 1752 1380 1830 vero,
1462 1722 2019 1813 ducentibus
2090 1727 2701 1844 pulcerrimis
2763 1724 3404 1818 Trevirani
3486 1724 3602 1815 de
3673 1728 3998 1815 avium

829 1923 1207 2010 cochlea
1269 1919 2116 2028 observationibus,
2203 1923 2300 2009 in
2366 1925 2958 2015 simillimum
3018 1924 3260 2037 illud
3323 1920 3795 2016 Crocodili
3856 1955 4000 2014 or·

821 2151 1122 2238 ganon
1213 2123 1804 2240 investigare,
1921 2151 2154 2209 num
2235 2120 2411 2211 sub
2488 2139 2858 2216 externa
2946 2126 3305 2215 formae
3384 2124 3999 2214 similitudine

826 2320 1144 2408 eadem
1209 2350 1602 2440 quoque
1652 2334 2176 2409 structurae
2235 2298 2653 2412 internae
2713 2325 2988 2414 lateat:
3018 2321 3653 2444 aequabilitas
3775 2320 3994 2434 Qua

828 2521 923 2606 in
986 2550 1087 2608 re
1144 2519 1503 2636 gaudeo
1553 2550 1706 2612 me
1746 2518 2432 2613 observationes
2475 2553 2751 2631 meas,
2804 2527 2881 2614 si
2947 2538 3113 2613 aut
3149 2523 3501 2614 incerta
3529 2522 3995 2643 quaedam

829 2732 1079 2807 extra
1138 2718 1820 2813 dubitationem
1902 2724 2425 2843 posuerint,
2523 2740 2688 2815 aut
2725 2753 2987 2817 nova
3045 2738 3331 2844 atque
3411 2726 3725 2841 ignota
3783 2747 3996 2840 pro-

824 2921 1263 3029 tulerint,
1326 2955 1647 3042 ,quum
1706 2928 2095 3045 propria
2152 2924 2618 3030 nondum.
2655 2925 2853 3014 ulla
2927 2925 3085 3032 sit,
3186 2878 3526 3033 aliena,
3589 2937 3679 3011 et
3719 2923 4001 3041 :gravi

822 3117 1261 3236 quidem,
1351 3123 1884 3216 Miilleri
1967 3124 2521 3219 auctoritate
2561 3183 2565 3186 <
2603 3154 3052 3216 exornare
3129 3150 3454 3244 posse,
3545 3154 3850 3246 quum
3925 3124 4004 3211 is

828 3347 1014 3405 non
1077 3321 1751 3438 repudiaverit,
1829 3350 2449 3443 quaecunque
2475 3394 2483 3403 ,
2508 3324 3064 3414 invenissem
3135 3336 3239 3412 et
3329 3321 4000 3427 observassem,

817 3519 1016 3607 ‘suis
1050 3548 1435 3643 quoque
1479 3523 1785 3621 oculis,
1837 3523 2206 3631 videre,
2271 3522 2964 3648 consiliumque
3020 3551 3305 3612 suum
3362 3524 3709 3643 peoenti
3773 3476 4006 3609 nun-

824 3748 1121 3839 quam
1186 3716 1707 3841 denegarit.¹
1798 3723 2158 3815 Deinde
2237 3754 2460 3817 cum
2519 3724 3100 3815 „animalium
3175 3721 3649 3813 hunc„ad
3701 3718 4005 3810 ‚finem

824 3946 885 4004 a
957 3950 1109 4007 me
1191 3919 1802 4015 dissectorum
1886 3955 2179 4045 quam
2253 3926 2672 4044 plurima
2762 3923 2884 4012 ab
2957 3951 3085 4023 eo
3141 3924 3497 4045 partim
3560 3954 3676 4014 ex
3739 3925 4000 4012 locu·

827 4117 1357 4235 pletissima-
1420 4152 1587 4215 sua
1669 4128 2209 4216 collectione
2293 4124 2923 4245 suppeditata,
2998 4126 3349 4244 partim
3415 4125 3720 4214 veluti
3767 4119 4008 4212 Pro·-

831 4332 1037 4409 teus
1113 4323 1773 4448 Axolotesque-
1819 4324 2291 4417 Berolino-
2365 4356 2688 4415 meum
2779 4327 2877 4414 in
2993 4328 3276 4414 usum
3374 4324 3668 4411 accita
3745 4334 4003 4428 sunt,

829 4516 1039 4609 tum
1130 4519 1423 4614 libros
1494 4525 1612 4617 de
1670 4528 1853 4619 hac
1914 4555 2016 4618 re
2075 4524 2677 4639 evolvendos,
2767 4527 2918 4616 vel
2978 4556 3084 4615 ex
3146 4526 3338 4613 suis
3396 4523 3640 4611 mihi
3705 4513 4006 4626 dedit,

828 4716 983 4811 vel
1009 4791 1029 4829 ,
1110 4727 1277 4843 qui
1314 4730 1524 4851 ‘ipsi
1584 4760 1769 4821 non
1840 4744 2141 4840 erant,
2235 4729 2408 4821 ubi
2467 4728 2868 4820 inveniri
2934 4740 3350 4845 possent,
3411 4722 3806 4823 libenter
3861 4718 4010 4809 de-
