4650 5525
2149 170 2737 260 -23-

752 476 791 536 ρ
863 438 1137 517 sterius
1190 437 1493 546 ‘canalis
1563 434 2078 512 horizontalis·
2181 430 2262 528 3)
2323 433 2688 537 Denique
2757 433 3240 509 horizontalis
3288 434 3395 527 9²)
3458 461 3591 513 seu
3651 454 4051 527 exterum,

865 569 1086 646 cuius
1134 595 1401 644 arcum
1454 592 1846 642 summum
1893 589 2131 670 supra
2181 563 2426 668 ipsam
2488 563 2901 641 fenestram
2966 566 3257 642 ovalem
3324 568 3896 672 prominentem
3945 571 4055 650 vi-

864 699 1166 790 demus,
1215 698 1697 775 brevissimus
1746 716 1856 772 est
1905 694 2391 797 maximeque
2447 694 2713 773 flexus.

1058 833 1179 907 De
1219 828 1569 931 partibus
1618 827 1961 906 mollibus
2010 827 2095 902 in
2149 827 2370 904 osseis
2430 826 2661 905 modo
2713 827 3110 937 descriptis
3160 828 3475 906 inclusis
3524 856 3773 936 pauca
3822 850 4048 922 sunt,

860 990 1060 1070 quae
1107 961 1626 1050 adnotentur3
1679 961 2015 1038 omnino·
2042 959 2337 1036 formae
2390 960 2706 1036 illarum
2757 963 3453 1052 moveatimentm
3511 980 3602 1037 ut
3632 961 3778 1037 hoc
3818 965 4046 1040 verbo

858 1115 1067 1187 utar,
1140 1092 1629 1202 respondent.
1728 1095 1996 1169 Saccus
2052 1092 2196 1167 tria
2249 1093 2601 1168 continet
2649 1119 2972 1200 corpora
3024 1095 3499 1187 mollissima,
3571 1095 3658 1171 in
3708 1094 4050 1174 crocodi-

857 1230 953 1305 lis
999 1224 1355 1305 nondum
1405 1224 1691 1301 adultis
1737 1253 1783 1301 a
1833 1250 1956 1301 me
2007 1222 2340 1302 dissectis
2399 1225 2526 1299 vix
2585 1224 2879 1330 lapides
2945 1224 3464 1316 nominanda,
3535 1253 3788 1329 quum
3852 1226 4047 1303 mol-

857 1360 1051 1437 liora
1101 1385 1342 1463 quam
1392 1357 1477 1433 in
1526 1345 2025 1435 Salamandra
2090 1375 2168 1432 et
2231 1355 2682 1433 semilucida
2757 1374 3245 1463 apparerent.
3347 1357 3665 1433 Canales
3711 1358 4048 1435 semicir-

855 1491 1152 1566 culares
1201 1487 1820 1577 membranacei,
1890 1514 1983 1563 ex
2046 1487 2267 1563 osseis
2336 1488 2867 1582 provenientes
2914 1514 3177 1566 omnes
3226 1489 3312 1564 in
3359 1490 3740 1594 ampullas
3786 1508 4046 1586 exten-

856 1621 1191 1712 duntur,
1257 1645 1461 1725 quae
1526 1618 1628 1694 ad
1694 1625 1935 1696 unam'
2001 1645 2264 1696 omnes
2331 1618 2418 1694 in
2468 1621 2863 1697 communi
2917 1613 3241 1700 cavitate
3302 1648 3484 1698 cum
3530 1647 3748 1698 sacco
3796 1622 4046 1698 reclu-

852 1778 975 1828 sae
1023 1770 1225 1829 sunt.
1364 1752 1485 1828 De
1533 1748 2048 1830 diramatione
2108 1777 2528 1830 nervorum
2589 1753 2704 1831 in.
2736 1778 2956 1832 sacco
3034 1754 3561 1862 ampullisque
3624 1779 3862 1861 supra
3927 1751 4042 1828 di-

850 1902 1065 1961 ctum
1112 1900 1243 1962 est.

1967 2015 2072 2109 B.
2189 2017 2314 2124 In
2381 2018 2475 2113 T
2457 1999 2900 2114 estudine.

1048 2215 1550 2336 Vestibulum
1595 2235 1676 2294 et
1716 2216 2019 2293 canales
2063 2217 2671 2297 semicirculares
2718 2247 2764 2296 a
2813 2214 3317 2328 Scarpa93),
3374 2215 3854 2326 praeclarius
3901 2241 4036 2292 au«

853 2366 1005 2422 tem
1056 2375 1100 2422 a
1151 2344 1522 2449 Bojano
1573 2343 1675 2444 94)
1724 2348 2103 2456 descripta
2154 2370 2391 2455 atque
2442 2350 2827 2430 delineata
2889 2371 3095 2429 sunt.
3209 2351 3555 2428 Omnino
3604 2347 3870 2425 eadem
3918 2347 4034 2422 in·

846 2481 1066 2572 veni,
1135 2505 1336 2583 quae
1386 2481 1501 2556 illi
1559 2479 1706 2556 viri
1758 2480 2252 2577 describunt3
2323 2484 2410 2559 in
2464 2482 2930 2561 illustranda
2981 2482 3290 2559 cochlea
3345 2479 3802 2569 testudinis,
3851 2506 4032 2554 con-

845 2612 1327 2689 iunctionem
1378 2613 1585 2689 inter
1626 2614 2021 2689 sacculum
2068 2613 2428 2691 vestibuli
2480 2635 2557 2692 et
2606 2643 2908 2693 saccum
2960 2617 3351 2705 cochleae,
3434 2641 3672 2718 quam
3736 2612 4035 2716 primus

843 2744 1146 2838 inveni,
1198 2764 1277 2822 et
1324 2745 1800 2823 accuratiora
1848 2742 2237 2849 quaedam
2283 2745 2380 2823 de
2429 2747 2980 2826 distributione
3030 2774 3448 2824 nervorum
3500 2742 3908 2850 proferam.

1511 2922 1612 3018 C.
1704 2901 1858 3020 ⁴In
1912 2926 2338 3022 Lacerta&
2397 2944 2489 3022 et
2581 2932 2703 3022 D.
2761 2928 2890 3021 In
2951 2921 3413 3060 Ophidiis.

1039 3125 1352 3228 Ubique
1400 3152 1565 3202 rem
1618 3127 1724 3203 ita
1779 3127 2086 3220 inveni,
2157 3128 2472 3233 qualem
2520 3128 2688 3204 Sca
2712 3155 2886 3234 rpa
2940 3125 3361 3232 descripsit.
3458 3127 3685 3233 Lapis
3735 3125 3815 3201 in
3870 3152 4030 3201 sac-

837 3285 926 3335 co
974 3258 1335 3334 vestibuli
1384 3259 1726 3335 reclusus
1791 3259 1878 3335 in
1944 3260 2067 3340 his
2115 3259 2589 3335 animalibus
2651 3258 2930 3335 durior
2978 3278 3133 3354 est,
3202 3286 3441 3364 quam
3514 3260 3600 3334 in
3665 3258 4029 3339 omnibus

838 3391 995 3465 iam
1044 3384 1562 3476 adumbratis,
1633 3405 1712 3464 et
1759 3386 2037 3464 merito
2090 3385 2240 3463 boc
2288 3388 2608 3465 nomine
2656 3389 3201 3466 nominandus.
3292 3390 3446 3464 ·De
3494 3386 4028 3465 communica·

840 3519 1051 3598 tione
1099 3516 1263 3595 cavi
1312 3509 1673 3596 vestibuli
1720 3546 1904 3597 cum
1953 3519 2265 3599 cochlea
2314 3521 2524 3599 infra
2573 3519 2899 3599 dicetur.

1035 3729 1108 3778 2.
1213 3698 1558 3779 cochlea.

1578 3892 1693 3981 A.
1808 3888 2300 3984 Excursus
2351 3883 2468 3980 de
2516 3881 2891 3980 cochlea
2945 3885 3283 4031 ανζαιη.

1030 4083 1497 4189 Priusquam
1561 4087 1966 4193 aggredior
2030 4086 2134 4167 ad
2197 4084 2758 4165 accuratiorem
2823 4084 3177 4177 cochleae
3240 4084 3825 4195 amphibiorum
3889 4083 4016 4162 de-

914 4397 1034 4477 9²)
1073 4390 1234 4455 Tab.
1275 4392 1324 4455 1.
1360 4392 1500 4476 Εἰς.
1538 4415 1617 4479 9,
1667 4413 1783 4473 ιο,
1838 4413 1933 4457 12.
1979 4414 2035 4457 c.
2113 4389 2272 4459 Tab.
2309 4388 2392 4456 ΙΙ.
2434 4389 2576 4476 rig.
2624 4409 2680 4463 1.
2724 4400 2788 4458 et
2826 4407 2890 4457 2·

912 4508 1030 4594 93)
1072 4507 1221 4574 Loc-
1260 4506 1431 4571 laud.
1468 4530 1607 4592 pag.
1647 4528 1745 4593 ²9·
1803 4505 2074 4599 TabsV.
2111 4507 2247 4590 Fig.
2296 4529 2352 4571 ι.
2396 4517 2460 4570 et
2498 4527 2562 4572 2.

915 4620 1034 4713 94)
1072 4623 1223 4689 Loe-
1259 4620 1429 4686 laud.
1479 4622 1638 4697 Tab.
1661 4622 1904 4695 XXVI.
1948 4622 2088 4710 Fig.
2123 4622 2480 4705 148—151-
