4650 5525
1714 203 2446 314 '--23-

550 479 809 579 codilo
875 485 1255 596 analogon
1329 482 1692 576 dehiscit,
1773 508 1866 558 ex
1944 484 2111 560 eius
2173 482 2487 562 adverso
2554 501 2816 561 autem
2893 480 3183 560 canalis
3261 506 3507 561 osseus
3569 486 3746 562 satis

424 675 432 684 .
557 616 904 721 ampltm,
992 618 1366 693 anteriori
1438 635 1806 724 apertura
1871 616 1955 692 in
2016 616 2288 693 fossam
2370 617 2872 723 temporalem
2919 634 3309 721 spectans,
3393 617 3746 693 omnino-

557 774 712 850 que
761 749 1108 824 musculo
1161 750 1534 855 repletu6‚
1607 749 1748 853 qui
1802 748 1902 823 ad
1967 749 2461 825 columellam
2533 744 2803 823 tendit.
2918 749 3087 823 Hoc
3140 748 3426 823 nullibi
3480 746 3755 824 descri-

559 901 788 986 ptum
838 881 1121 957 inveni.
1245 880 1365 957 Ad
1414 881 1788 988 parietem
1856 882 2259 958 internum
2324 879 2561 954 huius
2618 879 3180 965 antivestibuli,
3250 882 3481 956 crista
3554 905 3755 958 ossea
3817 985 3820 992 Ι

559 1033 951 1120 separatae
1003 1040 1327 1119 magnae
1378 1013 1579 1091 duae
1634 1015 2009 1091 fenestrae
2058 1011 2654 1119 conspiciuntur
2683 1009 2808 1108 ⁶9),
2860 1013 3206 1088 anterior
3252 1011 3486 1087 ovalis
3538 1038 3757 1118 oper-

562 1148 774 1238 culo,
828 1147 1207 1252 posterior
1254 1146 1633 1252 rotunda,
1682 1148 1968 1238 maior,
2021 1147 2473 1224 membrana
2527 1144 2880 1251 tympani
2927 1143 3379 1221 secundaria
3431 1144 3704 1219 clausa.

662 1293 667 1296 ’
771 1300 1219 1377 Membrana
1270 1308 1608 1405 tympani
1656 1322 1750 1380 ut
1800 1304 1885 1382 in
1935 1302 2340 1383 Crocodilo
2394 1327 2486 1377 ex
2538 1302 2788 1377 tribus
2860 1299 3174 1376 laminis
3220 1300 3753 1406 componitur,

566 1434 773 1510 inter
821 1461 1014 1538 quas
1080 1434 1447 1539 cartilago
1514 1433 1975 1512 dihciformis
2024 1435 2120 1533 7⁰)
2198 1436 2500 1513 intrusa
2573 1453 2684 1511 est
2746 1433 3359 1537 columellaeque
3423 1431 3756 1526 adnexa,

572 1595 813 1665 quam
863 1595 1097 1675 supra
1149 1596 1331 1645 cum
1379 1570 1658 1647 malleo
1709 1569 2168 1676 comparavi·

768 1724 1189 1799 Ossiculum
1233 1725 1695 1802 auditorium
1742 1753 1905 1802 una
1955 1753 2137 1803 cum
2179 1723 2331 1802 boc
2352 1722 2558 1803 disco
2587 1719 2745 1832 Boj
2768 1747 3004 1802 anus
3052 1739 3130 1801 et
3167 1723 3397 1800 Scar
3409 1748 3523 1827 pa
3558 1746 3763 1827 egre-

566 1856 686 1960 gie
738 1853 1262 1962 depinxerunt
1311 1875 1388 1934 et
1438 1854 2030 1964 descripserunt.

1700 2047 1830 2200 ‘C‘
1944 2105 2072 2199 In
2134 2102 2581 2201 Lacertzls.

784 2371 813 2416 1
827 2393 847 2418 .
898 2340 992 2426 In
1019 2341 1359 2420 Lacertis
1417 2340 1842 2418 membrana
1879 2345 2214 2444 tympani
2250 2338 2646 2441 praeditis.
3709 2439 3722 2452 t

760 2475 878 2547 Ex
939 2472 1088 2548 hoc
1167 2473 1442 2551 ordine
1496 2499 1855 2577 magnam
1922 2474 2316 2549 Luceriam
2368 2471 2796 2555 ocellatam,
2863 2465 3207 2545 Scincum
3266 2468 3718 2576 officinalem
3740 2530 3761 2564 ‚

580 2600 1148 2708 Gekkonemque
1194 2610 1696 2681 mauritanum
1745 2604 2088 2680 dissecui.
2198 2603 2498 2678 Cavitas
2542 2604 2880 2703 tympani
2925 2600 3013 2677 in
3066 2600 3220 2676 illis
3267 2628 3311 2676 a
3364 2604 3621 2680 fronte
3669 2604 3767 2680 ab

577 2762 781 2812 ossea
835 2737 1320 2815 excavatione
1367 2736 1781 2842 sigmoidea
1833 2734 2008 2815 ossis
2061 2734 2497 2842 tympanici
2546 2733 2912 2824 formata,
2981 2759 3027 2809 a
3078 2734 3481 2841 posteriori
3534 2738 3775 2815 latere

571 2870 1152 2947 membranacea
1201 2889 1332 2948 est.
1430 2869 1963 2979 Bipartitionis
2025 2869 2190 2946 cavi
2267 2865 2622 2975 tympani
2673 2866 2762 2943 in
2809 2866 3396 2961 Testudinibus,
3464 2871 3552 2947 in
3599 2900 3777 2978 pro-

572 3000 919 3074 minente
966 3002 1278 3079 interno
1331 3002 1509 3078 ossis
1561 3002 1988 3109 tyqianici
2040 3001 2426 3103 margine,
2478 2999 2700 3103 quasi
2752 2999 3155 3101 vestigium
3204 3000 3463 3075 adhuc
3512 3029 3776 3104 agnos-

576 3152 749 3204 cere
797 3129 997 3205 licet.
1098 3130 1307 3205 Tuba
1328 3131 1883 3219 Eustachiana,
1934 3127 2150 3231 quod
2199 3128 2563 3203 omnibus
2616 3128 3001 3218 innotuit,
3054 3129 3489 3206 brevissima
3540 3152 3652 3208 est
3696 3151 3775 3209 et

573 3260 1127 3366 spatiosissima,
1179 3263 1289 3339 ita
1341 3280 1434 3339 ut
1483 3250 1591 3337 de'
1631 3258 2101 3353 quibusdam
2151 3259 2460 3335 lacertis
2499 3258 2775 3335 merito
2829 3285 3011 3335 cum
3041 3259 3468 3338 Cuviero
3518 3260 3776 3340 dicere

586 3395 853 3482 liceat,
907 3394 1224 3471 ossicula
1274 3391 1663 3470 auditoria
1707 3392 1795 3468 in
1845 3417 2139 3469 recessu
2191 3390 2533 3495 quodam
2581 3390 2927 3467 cavitatis
2975 3391 3127 3467 oris
3173 3393 3576 3472 contineri.

776 3523 1216 3600 Membrana
1276 3530 1626 3628 ,tympani
1704 3524 2069 3635 consistit·
2112 3550 2206 3598 ex
2272 3523 2564 3598 lamina
2612 3540 2970 3609 externa,
3040 3549 3176 3600 seu
3256 3524 3775 3631 epidermide,

581 3657 833 3734 media
856 3716 878 3750 ,
940 3685 1076 3736 seu
1143 3657 1464 3765 propria
1530 3676 1610 3734 et
1672 3657 1982 3734 interna
2053 3655 2186 3733 hic
2258 3655 2591 3731 maxime
2656 3654 2873 3731 tenui
2897 3706 2921 3743 ‚
2994 3656 3399 3733 cavitatem
3469 3684 3778 3736 omnem

591 3785 1090 3864 subducente.
1192 3789 1379 3875 Hic,
1430 3789 1531 3866 ob
1582 3785 2185 3894 amplitudinem
2258 3785 2490 3862 tubae
2536 3785 2977 3876 Eustachii,
3056 3788 3457 3895 perspicue
3502 3807 3583 3865 et
3626 3788 3780 3868 evi-

593 3915 872 3995 dente‘r
939 3917 1450 3996 demonstrari
1525 3939 1809 4027 potest,
1874 3918 2405 3997 membranam
2470 3912 2846 4024 tympani
2885 3918 3288 4025 propriam
3374 3919 3493 3997 nil
3559 3921 3780 4009 aliud

587 4076 772 4144 esse,
825 4078 1066 4157 quam
1114 4033 1648 4133 membranam
1694 4054 1954 4133 fauces
2002 4049 2517 4132 obducentem
2565 4050 3119 4136 continuatam.
3220 4052 3337 4129 Ex
3381 4049 3650 4131 Scinco
3683 4059 3780 4155 7¹)

679 4436 799 4523 69)
840 4439 998 4501 Tab.
1048 4439 1164 4508 111.
1203 4439 1343 4524 Fig.
1396 4459 1451 4502 ι.

686 4560 799 4639 2⁰)
839 4553 1191 4638 Bojanus
1236 4552 1281 4623 l.
1322 4554 1372 4616 l.
1416 4550 1845 4618 Tab.xxvl.
1890 4549 2030 4638 Εἰς.
2071 4549 2209 4619 153.

691 4680 811 4756 71)
857 4671 1017 4735 Tab.
1061 4668 1177 4733 111.
1220 4668 1362 4755 Fig.
1413 4689 1467 4731 1.
