4650 5525
1878 273 2043 327 ς...
2157 257 2510 349 33...-

622 536 791 609 ficie
860 564 904 610 a
977 537 1298 612 materia
1385 537 1861 626 mollissima,
1951 538 2311 640 pulposa,
2388 562 2481 611 ex
2551 538 2729 613 albo
2795 539 3241 618 rubescente
3306 545 3604 623 obtecta
3670 577 3801 652 ap-

490 663 499 672 ’
616 670 986 770 parebat,
1067 694 1269 769 quae
1318 670 1404 742 in
1455 694 1656 769 aqua
1706 668 1995 771 partim
2044 693 2184 771 per
2230 693 2306 743 se
2358 669 2602 773 ipsam
2650 672 3261 776 abstergebatur,
3314 680 3602 779 partim
3654 708 3799 754 acu

617 799 917 873 detrahi
975 817 1294 901 poterat·
1395 801 1726 901 Jamque
1796 796 1995 872 illud
2048 818 2230 888 ante
2280 802 2542 877 oculos
2590 820 2799 893 erat,
2866 830 3161 913 omnes,
3213 833 3414 908 quae
3465 838 3797 913 apparu-

614 949 876 1018 erant,
930 956 1188 1032 rugas,
1246 928 1356 1003 nil
1410 929 1629 1004 aliud
1688 955 1858 1020 esse,
1908 957 2146 1033 quam
2196 959 2448 1008 ramos
2493 935 2822 1011 maiores
2873 935 3059 1012 vasis
3106 964 3341 1042 supra
3396 938 3793 1044 descripti,

486 1153 495 1160 ο
608 1063 813 1135 circa
866 1089 1060 1163 quos
1139 1063 1459 1137 materia
1529 1064 1851 1166 pulposa
1902 1064 2577 1154 accumulabatur,
2648 1068 3134 1173 speciemque
3198 1071 3638 1145 crassiorem
3707 1075 3798 1147 iis

608 1191 1021 1268 tribuebat.
1131 1195 1308 1291 Quo
1379 1197 1615 1297 magis
1678 1193 2125 1271 'mollissima
2176 1194 2368 1270 haec
2417 1223 2506 1272 ac
2555 1183 2878 1303 pulposa
2928 1202 3249 1275 materia
3321 1230 3363 1275 a
3417 1203 3792 1277 membra-
3843 1179 3850 1188 ⁸

610 1354 709 1400 na
783 1327 1247 1415 solvebatur,
1347 1351 1436 1401 eo
1512 1325 1947 1403 distinctius
2009 1328 2631 1432 conspiciebatur
2694 1348 2856 1404 rete
2922 1356 3098 1404 vere
3166 1333 3519 1406 mirabile
3585 1360 3789 1408 vaso-

612 1487 790 1532 rum
858 1459 956 1552 ¹⁰)
1029 1457 1535 1532 multifariam
1604 1484 1680 1533 se
1745 1457 2570 1564 dissipantium'seque
2619 1461 2904 1536 iterum
2952 1463 3408 1537 anastomosi
3463 1464 3785 1538 coniun-

608 1592 961 1692 gentium
978 1624 1003 1679 ,·
1081 1615 1283 1690 quae
1332 1590 1445 1661 vel
1504 1590 1589 1663 in
1640 1588 1787 1663 hac
1835 1591 1999 1693 ipsa
2046 1590 2316 1665 subtili
2370 1593 2854 1668 ramulorum
2905 1590 3274 1668 divisione
3325 1594 3592 1667 lumen
3645 1623 3785 1697 pro

609 1726 911 1797 ratione
962 1724 1141 1795 satis
1207 1745 1576 1826 magnum
1647 1721 2125 1814 retinebant,
2194 1723 2444 1799 multo
2499 1724 2852 1799 tenuiora
2929 1743 3183 1799 tamen
3269 1727 3782 1828 apparebant,

601 1881 841 1957 quam
891 1873 1156 1941 antea,
1210 1882 1253 1928 a
1306 1858 1622 1956 materia
1676 1857 1999 1958 pulposa
2051 1852 2310 1928 adhuc
2360 1855 2858 1939 circumdata,
2910 1877 3456 1960 apparuerant.
3561 1858 3782 1953 Quae

602 1987 863 2061 omnia
916 2013 1075 2062 non
1127 1989 1355 2061 semel
1407 1987 1721 2091 quidem
1748 2045 1766 2075 ,
1843 1985 1975 2061 sed
2047 1988 2143 2063 in
2203 1986 2471 2088 quavis
2543 1986 3074 2089 disquisitione
3138 1985 3405 2063 eadem
3478 1967 3780 2090 semper

599 2120 902 2210 inveni,
970 2118 1184 2224 quod
1261 2120 1550 2223 figurae
1616 2145 1932 2223 quoque
1982 2118 2375 2224 produnt,
2444 2147 2488 2193 a
2562 2117 2876 2195 diversis
2941 2144 3240 2224 semper
3303 2122 3777 2223 praeparatis

596 2252 1109 2360 depromptae.
1209 2255 1522 2356 Semper
1594 2254 1792 2328 iusta
1858 2252 2448 2355 praeparatione
2495 2277 2780 2327 acuum
2844 2251 3321 2327 adminiculo
3372 2252 3769 2340 adhibito,

587 2413 824 2488 rugae
879 2387 1100 2471 illae,
1178 2388 1429 2489 primo
1482 2405 1793 2491 aspectu
1862 2413 2006 2490 pro
2061 2382 2370 2460 laminis
2435 2382 2780 2474 habitae,
2855 2384 2941 2459 in
2990 2385 3556 2489 pulcerrimum
3611 2405 3772 2462 rete
3813 2401 3818 2408 ’

527 2528 533 2534 ’
593 2519 1071 2592 vasculosum
1171 2516 1966 2603 transformabantur,
2040 2515 2260 2591 cuius
2342 2517 2429 2590 in
2480 2516 2782 2592 lacunis
2826 2541 3128 2620 semper
3177 2518 3440 2621 aliqua
3491 2519 3770 2622 pulpo-

588 2676 712 2723 sae
778 2650 1150 2724 materiae
1210 2650 1516 2751 vestigia
1584 2649 2025 2723 haerebant.
2126 2645 2634 2722 Simillimum
2698 2665 2810 2728 est
2884 2645 3032 2721 hoc
3081 2657 3241 2724 rete
3288 2650 3362 2722 ei
3414 2675 3766 2725 vasorum

589 2780 1121 2871 diramationi,
1202 2807 1406 2883 quae
1467 2799 1638 2887 post
1702 2781 2029 2856 faustam
2095 2779 2593 2855 iniectionem
2660 2780 2748 2856 in
2829 2806 3152 2886 corpore
3198 2772 3485 2866 ciliari,
3565 2783 3766 2858 iride

586 2914 707 2987 vel
761 2917 1068 3018 pectine
1136 2916 1343 2991 oculi
1394 2913 1655 2990 avium
1708 2938 2079 3018 apparere
2127 2914 2335 2989 solet·
2434 2913 2940 2989 Iniectionem
2987 2915 3258 3018 capitis
3307 2917 3765 3016 melleagris,

586 3065 937 3118 recenter
980 3046 1293 3119 mactati
1339 3044 1839 3118 instituebam
1886 3068 1978 3117 ex
2023 3038 2448 3117 Zinnabari
2499 3061 2578 3117 et
2626 3044 2794 3117 oleo
2845 3043 3490 3133 Terebinthinae,
3562 3073 3764 3146 quae

581 3177 805 3253 hunc
856 3193 1218 3249 eventum
1267 3173 1582 3256 habuit:
1632 3196 1867 3246 massa
1918 3171 2252 3246 colorata
2303 3196 2431 3244 vas
2483 3171 2861 3245 circulare
2912 3172 3368 3277 repleverat,
3424 3174 3761 3276 indeque

580 3309 882 3410 aliquos
956 3308 1444 3382 ramulorum
1515 3303 2132 3382 transversalium
2165 3358 2186 3393 ,
2286 3302 2426 3404 qui
2512 3302 2736 3378 oculo
2814 3303 3275 3380 multifarias
3356 3303 3760 3381 divisiones

581 3461 1244 3544 anastomosesque
1295 3438 1746 3514 offerebant.
1847 3438 2102 3511 Altera
2157 3434 2473 3510 iniectio
2525 3435 2796 3539 capitis
2868 3436 3050 3536 galli
3109 3441 3541 3514 communis
3589 3440 3759 3514 feli·-

576 3572 761 3663 cior,
813 3570 1344 3648 exZinnabari
1367 3587 1445 3644 et
1465 3568 1767 3672 glutine
1815 3566 2135 3642 animali
2188 3566 2424 3654 facta,
2479 3565 3074 3642 diramationem
3113 3593 3467 3646 vasorum
3517 3570 3760 3671 magis

576 3705 1061 3807 perspicuam
1130 3699 1489 3778 reddidit.
1642 3700 1871 3775 Sinus
1928 3698 2360 3792 circularis,
2422 3698 2564 3802 qui
2636 3699 2720 3773 in
2772 3698 2950 3803 ipsis
3000 3701 3580 3803 cartilaginibus
3627 3701 3754 3775 de·-

500 3876 509 3883 ·
574 3836 863 3921 currit,
913 3861 1239 3935 vasaque
1289 3834 1619 3911 maxime
1670 3831 1937 3909 tenuia
1988 3832 2075 3906 in
2119 3833 2362 3938 ipsam
2411 3829 2959 3931 cartilaginum
3022 3831 3527 3907 substantiam
3576 3839 3752 3910 mit-

576 3968 713 4058 tit,
760 3965 1212 4066 sanguinem
1261 3989 1354 4038 ex
1400 3964 1703 4043 duobus
1750 3966 1939 4057 vasis
1985 3963 2436 4069 excipiebat.
2533 3963 2888 4039 Alterum
2937 3986 3078 4068 per
3126 3961 3474 4038 foramen
3528 3965 3746 4038 nervi

570 4099 885 4177 acustici
973 4094 1360 4184 intrabat,
1472 4095 1559 4174 in
1630 4095 1977 4201 duosque
2061 4123 2312 4175 ramos
2372 4090 2904 4183 dividebatur,
2985 4119 3327 4197 quorum
3392 4096 3589 4173 alter
3645 4096 3744 4188 ¹¹)

662 4522 765 4591 to)
805 4513 1075 4576 Tah.11.
1114 4514 1251 4597 Fig.
1293 4514 1355 4579 8.
1399 4515 1540 4599 Fig.
1574 4515 1641 4579 6.

664 4673 769 4741 ιι)
809 4664 961 4728 Tab.
996 4663 1083 4725 11.
1125 4663 1265 4747 Fig.
1316 4665 1473 4745 9·s·
