4650 5525
1910 241 2598 392 ...αι-ζ’

643 564 1060 648 utramque
1094 546 1506 624 fenestram
1539 545 1816 651 posita,
1870 570 2047 650 pars
2086 564 2196 620 est
2244 543 2422 619 ossis
2450 542 2873 650 occipitalis
2911 545 3269 623 lateralis.
3308 548 3600 624 Cavum
3641 568 3835 653 tym-

646 675 833 780 pani
886 675 970 749 in
1035 677 1336 756 lacertis
1403 703 1565 753 non
1633 678 1872 779 magis
1939 677 2332 779 integrum
2396 675 2494 750 ab
2557 701 2712 751 osse
2785 677 3227 783 tympanico
3290 696 3369 754 et
3415 681 3831 759 mastoideo

645 807 1211 899 circumdatur,
1263 807 1477 912 qnod
1529 810 1614 884 in
1665 804 2049 884 testudine
2099 827 2178 883 et
2208 806 2612 886 Crocodilo
2648 806 3123 898 videramus,
3171 809 3344 902 sed,
3395 832 3488 888 ut
3538 814 3645 890 ita
3702 813 3838 889 ‹li-

646 965 864 1026 cam,
920 957 1226 1015 tantum
1276 941 1606 1017 reclinat
1669 940 1768 1016 ad
1821 940 2055 1027 illud,
2128 939 2344 1045 quod
2396 941 2483 1016 in
2532 940 2834 1016 lacertis
2852 997 2876 1036 ‚
2952 943 3402 1020 membrana
3481 947 3832 1051 tympani

646 1065 1020 1172 praeditis
1044 1130 1071 1174 2
1143 1072 1611 1150 anteriorem
1659 1073 1825 1150 eius
1873 1092 2172 1179 partem
2222 1069 2588 1150 continet.

1800 1290 1915 1380 D.
2034 1285 2158 1381 In
2225 1259 2685 1421 Ophz‘diis.

841 1520 994 1596 Hic
1039 1541 1194 1597 ossa
1245 1547 1514 1597 aurem
1564 1520 1954 1599 internam
2004 1522 2422 1599 formauita
2471 1519 2740 1598 eadem
2787 1539 3018 1607 sunt,
3069 1539 3464 1627 petrosum
3512 1543 3591 1600 et
3637 1526 3828 1601 occi·

641 1651 902 1758 pitale.
1006 1652 1207 1730 Ossis
1255 1653 1714 1760 occipitalis,
1764 1674 1859 1731 ut
1908 1649 1994 1730 in
2045 1655 2408 1731 omnibus
2454 1654 2627 1732 aliis
2663 1653 3101 1743 ordinibu8‚
3173 1654 3505 1732 fenestra
3562 1675 3829 1734 rotun-

638 1781 736 1858 da
769 1787 833 1874 ,’
880 1783 1273 1860 trabecula
1340 1810 1539 1861 ossea
1627 1787 1833 1863 inter
1900 1767 2317 1890 utramque
2397 1785 2811 1862 fenestram
2892 1785 3335 1889 canalisque
3403 1787 3826 1864 cochlearis

531 1906 537 1912 ⁴
639 1933 894 2019 partes
940 1935 1157 2005 sunt,
1211 1944 1461 2022 quum
1508 1918 1976 1994 vestibulum
2030 1946 2212 1995 cum
2260 1916 2660 1993 canalibus
2709 1935 2787 1993 et
2835 1916 3035 1990 ovali
3091 1915 3387 1993 fenetra
3431 1918 3530 1993 ad
3575 1939 3829 2023 petro·

634 2070 804 2121 sum
856 2046 1259 2153 pertineat.
1362 2051 1542 2127 Ossa
1591 2051 2217 2128 circumiacentia
2266 2048 2536 2127 eadem
2583 2067 2805 2139 sunt,
2856 2071 3057 2152 qnae
3107 2049 3193 2127 in
3241 2050 3654 2155 prioribus.

740 2313 839 2455 11:
955 2381 1373 2459 CAVUM
1445 2383 2050 2482 ΤΥΜΡΑΝΙ,
2130 2386 2379 2463 CUM
2440 2387 3124 2464 MEMBRANA
3187 2383 3778 2481 TYMPANI,

856 2527 1434 2620 OSSIQULO
1506 2533 2211 2616 AUDITORIO
2281 2535 2430 2610 ET
2509 2536 2830 2638 TURA
2904 2533 3599 2646 EUSTACt-ul.

1745 2769 1856 2893 Α..
1979 2765 2051 2858 I
2039 2801 2103 2858 n
2138 2757 2689 2862 ‘Crocodila
2799 2884 2808 2891 .

833 2962 1077 3037 Unice
1124 2989 1218 3038 ex
1284 2958 1646 3041 omnibus
1693 2964 2134 3072 amphibiis
2183 2965 2631 3047 Crocodilus
2679 2963 3035 3069 partibus
3082 2963 3550 3068 quibusdam
3600 2988 3828 3038 orna·

637 3110 760 3169 tus
810 3111 964 3181 est,
1015 3120 1218 3196 quae
1266 3095 1618 3196 aliquam
1665 3080 1877 3170 auris
1908 3116 2283 3171 -externae
2329 3084 2928 3175 similitudinem
2977 3119 3165 3198 prae
3221 3119 3297 3169 se
3343 3094 3618 3169 ferant.
3693 3096 3828 3173 Est

560 3231 568 3238 ’
641 3223 845 3301 illud
896 3223 1220 3328 quidem
1268 3225 1729 3330 operculum
1777 3225 1895 3298 vel
1947 3224 2206 3329 potius
2254 3223 2561 3310 velum,
2613 3249 2706 3298 ex
2774 3202 2979 3330 plica
3028 3204 3353 3321 cutanea
3400 3222 3824 3301 formatum

634 3357 1283 3461 simillimumque
1328 3356 1777 3463 palpebrae,
1827 3353 2043 3461 quod
2088 3353 2583 3463 propendens
2630 3383 2676 3432 a
2751 3357 3100 3462 margine
3148 3356 3287 3433 illo
3336 3354 3829 3462 prominente

637 3489 817 3567 ossis
886 3488 1285 3569 mastoidei
1352 3516 1586 3595 supra
1649 3490 2039 3566 annulum
2107 3489 2691 3594 tympanicum,
2744 3472 3070 3565 'omnem
3137 3507 3536 3564 externam
3584 3514 3823 3565 mem-

638 3624 929 3709 branae
984 3621 1335 3728 tympani
1385 3622 1872 3729 superficiem
1922 3623 2230 3727 obtegit.
2283 3622 2640 3699 Cuvier
2687 3636 2767 3698 et
2815 3619 3370 3699 Blainville
3419 3617 3578 3695 duo
3629 3620 3827 3694 eius·

637 3750 852 3829 modi
901 3771 1375 3852 numerant3.
1410 3753 1496 3829 in
1546 3754 1683 3845 iis,
1732 3782 1927 3859 quos
1976 3737 2344 3859 equidem
2392 3750 2711 3829 dissecui
2762 3749 3227 3841 Crocodllis,
3279 3776 3571 3836 unum,
3621 3776 3828 3855 mag-

640 3910 869 3974 num,
918 3886 1273 3987 superius
1320 3864 1802 3964 solummodo
1856 3887 2118 3965 inveni
2138 3941 2162 3978 ‚
2227 3887 2376 3964 nisi
2427 3883 2813 3995 placuerit
2861 3882 3124 3987 alicui
3151 3900 3465 3959 tenuem
3515 3882 3827 3961 cristam

638 4038 920 4091 osseam
968 4040 1060 4090 ex
1112 4015 1418 4093 adversa
1466 4039 1688 4125 parte
1755 4020 2326 4126 prominentem
2376 4044 2522 4126 pro
2570 4014 2906 4096 secundo
2959 4013 3264 4091 babere.
3386 4012 3830 4089 Membrana

634 4150 973 4248 qmpam'
1019 4148 1178 4254 ipsa
1228 4145 1376 4242 ⁶⁶),
1428 4152 1605 4226 satis
1641 4179 2048 4255 magnum,
2101 4153 2608 4256 regulareque
2646 4148 2858 4225 ovale
2891 4148 3218 4239 format,
3270 4166 3486 4224 extus
3531 4147 3619 4223 in
3663 4146 3826 4252 ipsa

637 4278 890 4354 media
925 4299 1144 4384 parte
1179 4298 1471 4386 puncto
1512 4262 1904 4360 eminente
1945 4303 2342 4376 notatum,
2393 4284 2478 4359 in
2505 4309 2664 4388 quo
2707 4282 2872 4388 ipso
2904 4280 3316 4359 ossiculum
3343 4274 3828 4355 auditorium

637 4411 1132 4490 membranae
1203 4441 1367 4491 uno
1439 4414 1745 4495 ramulo
1815 4417 2312 4522 cartilagineo
2384 4412 2751 4518 affigitur,
2867 4408 3252 4490 subducit
3327 4408 3825 4488 membranae

724 4763 843 4844 66)
887 4766 1046 4834 Tul).
1090 4766 1171 4837 ΙΙ.
1216 4766 1354 4852 Fig.
1404 4771 1461 4841 3.
