4650 5525
1236 1442 2040 1554 -sEC'rlo
2185 1363 3118 1555 SECUNDA.

1546 1691 1555 1704 ’
1687 1732 2179 1807 AMPHIBIA
2227 1731 2792 1829 sQUAMATA.

621 2185 824 2302 Alia
875 2223 995 2304 via
1017 2226 1571 2330 atqueratione
1620 2221 1706 2304 in
1746 2226 1893 2304 hac
1938 2225 2273 2303 sectione
2323 2221 2757 2336 disquisitio
2801 2250 2974 2303 mea
3019 2222 3403 2332 procedet.
3449 2225 3828 2330 organon

618 2339 937 2418 auditus
986 2342 1413 2454 crocodili,
1466 2344 1756 2450 partim
1805 2343 1993 2447 quia
2037 2338 2242 2418 illud
2286 2340 2850 2420 accuratissime
2900 2342 3257 2426 omnium
3304 2360 3824 2447 perscrutatus

616 2497 823 2560 sum,
883 2474 1171 2576 partim
1223 2475 1450 2577 quia,
1498 2499 1645 2584 pro
1717 2473 1863 2550 hac
1912 2473 2234 2580 quidem
2300 2473 2731 2551 animalum
2781 2474 3043 2559 classe,
3093 2459 3200 2552 'in
3265 2473 3534 2577 quavis
3599 2492 3822 2578 parte

612 2601 773 2677 fere
876 2604 1239 2681 omnibus
1332 2606 1677 2686 numeris
1781 2606 2224 2683 absolutum
2307 2625 2389 2681 et
2489 2623 3107 2682 consummatum
3214 2629 3364 2678 esse
3436 2622 3798 2709 apparet,

610 2736 1039 2840 perfectam
1078 2739 1312 2843 ‚quasi
1336 2738 1665 2847 speciem
1718 2758 1954 2845 atque
2000 2736 2449 2845 exemplum
2502 2764 2974 2844 proponam,
3028 2759 3321 2843 suoque
3370 2735 3577 2828 loce,
3630 2762 3824 2841 quas

614 2869 700 2947 in
748 2870 919 2947 aliis
961 2871 1196 2949 huius
1244 2872 1601 2951 sectionis
1648 2872 2057 2952 ordinibus
2078 2854 2584 2948 Uifferentias
2644 2870 2943 2962 inveni,
2999 2896 3239 2974 quam
3298 2887 3564 2975 potero
3641 2866 3820 2941 dili-

610 3001 1043 3100 gentissime
1099 3000 1536 3107 adiungam.
1645 3006 2062 3081 Character
2112 3005 2545 3081 communis
2594 3004 2843 3078 omnis
2890 3002 3128 3076 huius
3174 3000 3530 3079 sectionis
3582 3000 3639 3075 is
3687 3019 3815 3084 est,

610 3149 704 3204 ut
737 3130 1077 3207 habeant
1124 3133 1417 3215 atrium
1467 3132 1718 3208 cordis
1765 3133 2076 3243 duplex2
2129 3159 2410 3239 penem
2459 3133 2889 3236 simplicem
2933 3133 3054 3207 vel
3106 3129 3538 3235 duplicem,
3593 3131 3815 3205 coch-

610 3262 809 3347 leam
846 3260 1413 3366 fenestramque
1480 3262 1901 3341 rotundam
1967 3290 2151 3340 cum
2200 3264 2419 3341 ovali.
2521 3267 2618 3339 In
2687 3262 2995 3340 ordines
3041 3281 3384 3366 quatuor
3435 3260 3815 3341 dividitur

618 3419 677 3469 ι.
746 3395 1215 3495 Τωιαάίηες,
1280 3424 1345 3471 2.
1397 3395 1836 3472 Crocodilos
1859 3457 1879 3488 ‚
1941 3405 2006 3475 3.
2053 3398 2459 3474 Lacertina
2505 3418 2583 3473 et
2641 3405 2709 3493 4.
2765 3396 3120 3498 Ορῆίᾱία.
3225 3396 3576 3473 Primum
3627 3422 3818 3473 sem-

610 3551 788 3629 per,
842 3546 936 3603 ut
985 3528 1391 3618 consuevi,
1425 3525 1521 3604 de
1552 3528 1708 3605 situ
1760 3530 2029 3633 organi
2092 3529 2438 3621 auditus,
2494 3547 2663 3605 tum
2712 3527 2812 3603 de
2858 3528 3180 3605 cavitate
3231 3529 3580 3634 tympani
3632 3548 3816 3604 cnm.

613 3655 722 3743 iis,
773 3684 973 3762 quae
1009 3659 1165 3735 hnc
1189 3646 1595 3765 pertinent
1637 3662 2013 3767 partibus,
2065 3658 2516 3739 membrana
2563 3662 2937 3768 tympani,
2992 3661 3330 3737 ossiculis
3377 3656 3820 3744 auditoriis,

616 3786 812 3863 tuba
862 3793 1421 3885 Eustachiana,
1476 3792 1814 3900 denique
1863 3793 1959 3871 de
2011 3792 2500 3903 labyrintho,
2551 3814 2628 3872 et
2680 3794 3029 3900 primum
3079 3791 3400 3895 quidem
3451 3790 3547 3867 de
3594 3792 3814 3869 vesti-

615 3919 806 3995 bulo
858 3922 1429 4028 canalibusque·
1456 3926 2187 4022 semicircularibus‚
2238 3927 2575 4006 seeundo
2626 3926 2722 4005 de
2771 3924 3080 4003 cochlea
3128 3950 3376 4027 agam.

1381 4181 1443 4250 1.
1544 4176 1874 4254 SITUS
1924 4179 2400 4256 ORGANI
2473 4176 3064 4254 AUDITUS:

1715 4398 1829 4489 A„
1944 4395 2062 4484 In
2146 4390 2659 4491 Crocodz'lo’.

809 4622 1191 4727 Equidem
1242 4626 1345 4701 ad
1393 4568 2032 4733 perscrutandam
2081 4642 2376 4719 aurem',
2430 4627 2622 4706 duos
2672 4622 3118 4705 Crocodilus
3157 4624 3508 4703 nondum
3559 4623 3797 4701 adul-

616 4770 726 4829 tos
774 4742 1127 4848 dissecui,
1176 4784 1457 4847 ,unum
1525 4763 1620 4836 X.
1690 4782 1768 4838 et
1842 4752 2332 4852 dimidium,
2388 4760 2724 4838 alterum
2783 4752 2920 4836 IX.-
2980 4760 3295 4866 pellices
3346 4756 3806 4833 Parisienses

2957 4892 3000 4953 ἱ
