4650 5525
2170 269 2699 365 ...4.-

843 552 1104 612 mento
1175 562 1415 612 unam
1478 535 1762 614 format
1831 533 2121 613 lineam
2194 561 2377 614 cum
2429 560 2565 611 axe
2617 533 3172 639 longitudinali
3226 536 3497 643 capitis
3547 542 4024 646 parallelam.

847 670 1205 746 Fenestra
1258 666 1493 744 ovalis
1560 691 1741 741 cum
1791 667 2160 771 operculo
2208 683 2288 742 et
2338 666 2551 743 omni
2604 665 2752 742 hoc
2814 686 3197 772 apparatu
3248 670 3615 746 musculis
3664 675 4025 777 pluribus

844 819 1079 902 atque
1130 818 1303 875 cute
1357 816 1449 874 ut
1497 799 1585 873 in
1633 798 2130 878 Salamandra
2181 798 2482 886 obtecta
2529 818 2663 875 est.
2765 798 2883 875 Ad
2934 801 3305 905 parietem
3355 803 3757 880 internum
3803 810 4022 884 vesti·

846 932 1053 1019 buli,
1131 930 1272 1033 qui
1343 948 1648 1036 septum
1717 949 1829 1006 est
1880 932 2087 1007 inter
2132 933 2599 1008 vestibulum
2648 933 3203 1033 cavitatemque
3253 935 3554 1018 cranii,
3626 937 3840 1039 isque
3905 942 4022 1014 vel

850 1067 933 1138 in
975 1061 1246 1138 adulto
1296 1061 1635 1142 animali=
1666 1080 2010 1166 perstans
2059 1065 2635 1166 cartilaginem,
2690 1069 2840 1139 tria
2887 1066 3041 1139 alia
3091 1067 3596 1170 reperiuntur
3644 1069 4023 1147 foramina

850 1192 1419 1295 angustissima,
1475 1193 1838 1270 transitui
1890 1195 2135 1271 trium
2185 1197 2669 1273 ramulorum
2723 1198 2936 1272 nervi
2987 1197 3301 1272 acustici
3355 1197 3756 1289 destinata,
3831 1229 4022 1303 quo-

848 1354 1024 1401 rum
1076 1325 1531 1429 posteriores
1575 1325 1729 1404 duo
1785 1327 1871 1403 in
1920 1326 2761 1422 sacculumstnterior
2812 1331 2897 1406 in
2945 1330 3324 1434 ampullas
3374 1332 3766 1408 canalium
3817 1352 4022 1411 tran-

848 1459 946 1532 sit
974 1515 993 1547 ‚
1044 1482 1245 1558 quae
1297 1458 1382 1534 in
1431 1457 1644 1535 fovea
1690 1458 1975 1535 minori
2025 1460 2398 1538 anteriori
2450 1460 2807 1536 vestibuli
2858 1460 3147 1563 positae
3193 1480 3397 1536 sunt.

1046 1627 1347 1715 Saccus,
1419 1625 1673 1729 qualis
1741 1627 1827 1703 in
1876 1624 2415 1716 salamandra,
2489 1625 2572 1701 in
2647 1627 3044 1730 posteriori
3095 1627 3452 1703 vestibuli
3526 1628 3738 1705 fovea
3788 1650 3864 1706 et
3925 1632 4021 1707 ‘in

846 1756 1285 1859 pavimento
1355 1756 1584 1840 iacet,
1652 1757 2061 1834 continens
2136 1759 2545 1834 materiam
2605 1758 2898 1847 albam,
2976 1759 3481 1862 amylaceam‚
3559 1761 3642 1835 in
3711 1765 4015 1853 Proteo,

849 1913 1083 1990 quem
1134 1888 1492 1991 equidem
1562 1888 1927 1978 dissecui,
2002 1889 2086 1965 in
2162 1909 2496 1993 utraque
2549 1915 2735 1965 aure
2787 1891 2873 1965 in
2925 1889 3113 1966 duas
3160 1909 3413 1994 partes
3464 1890 3818 1983 divisam,
3889 1877 4036 1970 ηεξ

847 1996 1003 2124 que
1051 2022 1628 2109 cohaerentem,
1694 2023 1842 2100 nisi
1893 2045 2150 2098 versus
2212 2042 2616 2098 externum
2699 2022 3069 2128 parietem
3117 2041 3194 2098 et
3241 1999 3650 2099 fenestram
3708 2029 4017 2105 ovalem.

849 2155 1184 2228 Crassior
1252 2155 1672 2230 introrsum
1741 2154 1975 2231 fiebat
2040 2170 2119 2229 e't
2168 2155 2253 2229 in
2303 2156 2555 2230 altum
2609 2154 2913 2258 aliquid
2961 2155 3508 2246 extollebatur,
3583 2157 3694 2231 ita‘
3739 2178 3832 2232 ut
3879 2185 4021 2263 per

843 2285 1255 2360 fenestram
1305 2287 1599 2362 ovalem
1685 2304 1998 2363 externa
2052 2286 2513 2391 'superficies
2595 2287 2807 2362 illius
2852 2287 2957 2362 sic
3007 2285 3194 2362 dicti
3246 2287 3496 2391 lapilli
3544 2288 3859 2391 obliqua
3913 2291 4020 2365 vi-

849 2415 1185 2493 deretur.
1307 2420 1481 2494 Non
1548 2439 1864 2523 anguste
1930 2417 2250 2522 quidem
2316 2447 2361 2494 a
2433 2445 2648 2495 sacco
2714 2417 3286 2508 circumdatur,
3347 2416 3475 2494 sed
3540 2419 3772 2495 etiam
3836 2446 4018 2497 eum

843 2579 1009 2627 non
1061 2552 1352 2643 inveni,
1422 2553 1564 2655 qui
1615 2551 2119 2644 describitur,
2182 2554 2488 2630 alveum
2535 2575 3062 2641 communem,
3137 2576 3368 2656 supra
3417 2576 3718 2628 saccum
3772 2553 4016 2629 iacen·
4115 2615 4130 2625 ,

846 2701 1035 2774 tem,
1092 2684 1178 2762 in
1231 2685 1813 2788 quem-canales
1861 2684 2179 2762 exirent.

1042 2853 1226 2926 Tres
1278 2850 1562 2928 adsunt
1611 2854 1911 2929 canales
1961 2855 2594 2944 semicirculareS,
2650 2855 2786 2956 qui
2831 2852 3073 2929 oculis
3121 2853 3326 2928 bona
3365 2853 3612 2929 solum
3648 2852 3853 2927 lente
3898 2878 4017 2927 ar-

845 2983 1069 3058 matis
1123 2965 1639 3061 animadverti
1708 2964 2069 3092 possunt,
2138 2987 2533 3079 internus,
2609 3000 2965 3063 externus
3033 3005 3112 3062 et
3162 2986 3537 3092 posterior
3600 3011 3734 3061 seu
3785 3003 4023 3061 trans·

841 3142 1113 3191 versus.
1265 3118 1694 3194 Externum
1788 3119 2180 3195 immerito
2232 3098 2816 3225 *horizontalem
2905 3120 3451 3211 nominaveris,
3543 3146 3792 3221 quum
3863 3118 4023 3192 fere

840 3275 1147 3353 prorsus
1203 3248 1874 3354 perpendicularis
1951 3269 2338 3355 appareat.
2467 3254 2848 3327 Externus
2934 3254 3477 3354 internusque,
3560 3251 3792 3324 iidem
3863 3250 4022 3323 fere

843 3376 1371 3480 longitudine,
1443 3380 1856 3487 posteriore
1921 3372 2157 3457 latere
2218 3380 2546 3458 invicem
2601 3382 3388 3488 appropinquantur,
3440 3381 3583 3455 sub
3653 3381 3813 3486 ipso
3870 3377 4024 3453 for-

775 3535 779 3541 ’
845 3511 1019 3585 nice
1073 3511 1357 3587 canalis
1412 3511 1812 3586 transversi
1877 3513 2292 3588 coalescere
2365 3540 2681 3618 unoque
2751 3517 2941 3592 ostio
3001 3515 3086 3589 in
3136 3539 3437 3590 saccum
3499 3536 3649 3586 sese
3718 3511 4019 3615 aperire

844 3641 1248 3730 videntur3
1348 3643 1855 3737 tumjterum
1902 3645 2046 3720 sub
2102 3647 2388 3748 angulo
2456 3667 2680 3723 acuto
2739 3646 3188 3723 discurrunt
3252 3645 3350 3719 ab
3421 3642 3781 3731 invicem,
3850 3639 4018 3737 (ex-

847 3795 1111 3850 ternus
1168 3774 1515 3851 decurrit
1568 3801 1802 3881 supra
1880 3777 2125 3883 ipsam
2194 3777 2602 3853 fenestram
2674 3775 3013 3871 ovalem)
3089 3774 3333 3851 donec
3389 3774 3490 3851 ad
3554 3775 4017 3851 anteriorem

843 3907 1201 3983 vestibuli
1255 3926 1557 4015 partem
1621 3908 1909 3986 iterum
1963 3910 2475 3999 conveniunt,
2527 3938 2684 4014 quo
2769 3912 2854 3982 iu
2921 3910 3086 3982 loco
3140 3908 3389 3985 solum
3448 3904 3853 3985 externum
3903 3934 4024 3985 ca·-

841 4041 1103 4117 nalem
1162 4041 1248 4115 in
1290 4068 1646 4143 magnam
1687 4043 2112 4146 ampullam
2183 4041 2741 4146 amplificatum
2813 4040 3100 4116 inveni.
3226 4041 3330 4117 Hi
3398 4041 3639 4143 igitur
3686 4042 4018 4122 canales,

844 4198 1177 4279 superne
1238 4172 1299 4247 si
1364 4172 1777 4263 videntur,
1849 4171 1933 4248 id
1986 4172 2326 4248 formant
2379 4173 2625 4260 ovale,
2674 4197 2831 4276 quo
2883 4173 3131 4248 omnis
3198 4175 3477 4248 cavitas
3542 4168 4023 4247 vestibularis

858 4305 1175 4412 insignis
1223 4323 1353 4380 est.
1455 4304 1758 4381 Canalis
1808 4302 2183 4413 posterior
2228 4328 2362 4377 seu
2417 4321 2909 4395 transversus,
2984 4304 3463 4379 brevissimus
3541 4300 4025 4403 maximeque
4119 4318 4132 4321 “

848 4455 1210 4513 curvatus
1301 4455 1429 4513 est.
1580 4439 2181 4511 Concameratur
2238 4459 2470 4539 supra
2531 4412 2828 4526 locum,
2921 4463 3079 4538 quo
3146 4433 3303 4511 duo
3364 4434 3500 4508 alii
3564 4432 3863 4511 canales
3937 4431 4022 4504 in

852 4598 1107 4647 unum
1169 4570 1628 4659 confluunt,
1713 4567 2188 4668 singulisque
2257 4568 2466 4643 ostiis
2531 4567 2616 4644 in
2682 4593 2984 4643 saccum
3055 4564 3352 4641 transit.
3490 4564 3611 4643 Sic
3664 4589 3778 4640 res
3823 4560 4021 4640 mihi

844 4729 996 4783 esse
1060 4699 1508 4795 videbatur,
1614 4696 1807 4782 Poh
1829 4679 1877 4777 l·
1902 4807 1909 4814 ·
1933 4723 2161 4775 crura
2244 4699 2625 4779 anteriora
2708 4694 2993 4781 canalis
3057 4698 3353 4781 externi
3422 4692 3870 4799 internique
3937 4692 4023 4771 in
