4650 5525
2180 274 2701 360 -2-

1904 643 1911 650 .
1962 531 2098 607 111.
2199 531 2933 609 PROTEIDEA.

1067 714 1125 759 1.
1227 682 1439 760 Siren
1487 684 1869 757 lacet-tina.
1967 681 2066 756 Et
2118 680 2204 757 in
2252 679 2399 755 hac
2446 680 2773 757 fenestra
2822 677 3058 757 ovalis
3105 685 3470 788 operculo
3521 685 4033 789 cartilagineo

859 820 1111 893 clausa
1162 835 1307 901 est,
1358 817 1477 890 uti
1528 814 1899 890 Cuvier
1948 812 2253 889 duobus
2302 814 2487 890 locis
2539 840 2678 889 nos
2727 812 2949 891 docet
2999 809 3086 910 4).

1059 970 1122 1018 2.
1226 948 1546 1022 Proteus
1594 951 2036 1048 anguineus.
2136 947 2322 1022 Eius
2381 973 2724 1050 organon
2772 945 3085 1024 auditus
3135 972 3225 1021 ex
3279 965 3496 1053 parte
3561 947 4037 1055 descriptum

859 1101 968 1160 est
1035 1081 1121 1154 in
1189 1077 1661 1184 pulcerrimo
1713 1076 2140 1162 Rusconi
2203 1091 2288 1152 et
2341 1077 3026 1180 Configliachi
3095 1079 3299 1158 libro
3370 1078 3465 1153 de
3514 1078 3663 1154 hoc
3712 1081 4031 1155 animali

858 1211 1063 1287 edito
1126 1208 1206 1306 5).
1327 1214 1638 1285 Praeter
1705 1210 2095 1286 sacculum
2188 1209 2544 1285 vestibuli
2631 1234 3104 1315 massamque
3171 1211 3638 1313 amylaceam
3669 1266 3689 1301 ,
3794 1238 4035 1313 quam

861 1343 1244 1425 continet,
1316 1342 1431 1417 nil
1508 1341 1711 1417 clare
1759 1340 2124 1419 viderunt
2188 1340 2273 1418 hi
2344 1341 2536 1432 viri,
2585 1361 2663 1418 et
2710 1340 2808 1420 de
2854 1341 3253 1418 canalibus
3297 1340 4030 1432 semicircularibus,

858 1504 1052 1550 num
1081 1472 1371 1559 adsint,
1416 1472 1804 1550 dubitant.
1904 1478 2316 1579 Propterea
2369 1498 2682 1576 quoque
2733 1471 3147 1551 delineatio
3171 1530 3192 1563 ,
3244 1499 3481 1576 quam
3521 1473 3904 1549 dederunt
3941 1472 4027 1567 ⁶),

860 1607 1182 1694 minime
1229 1607 1539 1692 sufficit,
1589 1629 1844 1709 neque
1896 1604 1980 1681 in
2032 1605 2166 1681 illa
2216 1603 2651 1709 quidquam
2695 1604 3103 1712 perspicue
3149 1602 3407 1680 videre
3455 1605 3670 1695 licet,
3724 1624 4032 1711 praeter

863 1738 1276 1814 introitum
1347 1737 1564 1814 nervi
1652 1737 1967 1815 acustici
2044 1737 2130 1814 in
2196 1739 2686 1816 vestibulum.
2812 1736 3366 1815 Blainville
3423 1736 3485 1832 7)
3565 1737 4032 1814 vestibulum

858 1899 1039 1952 cum
1086 1869 1491 1948 canalibus
1538 1869 2236 1950 semicircularibus
2283 1887 2466 1961 etc..
2515 1898 2768 1975 quum
2814 1870 3013 1950 hene
3047 1869 3567 1975 descripserit,
3620 1870 4032 1946 fenestram

858 2005 1150 2084 ovalem.
1228 2029 1390 2086 una
1467 2030 1649 2084 cum
1717 2003 2123 2109 operm-lc,
2196 2001 2406 2107 quod
2475 2003 2762 2093 miror,
2833 2029 2996 2080 non
3058 2002 3277 2079 vidit.
3377 2000 3627 2078 Pohl
3675 2001 3746 2098 ἢ
3826 2001 4031 2078 hanc

856 2161 1022 2209 rem
1083 2135 1374 2240 optime
1434 2152 1516 2218 et
1578 2132 1981 2239 descripsit
2043 2153 2123 2213 et
2187 2133 2567 2241 depinxit.
2681 2135 3118 2214 Novissimis
3188 2136 3499 2220 tandem
3555 2134 4032 2240 temporibus

855 2266 1327 2342 Breschet
1373 2268 1743 2357 affirmat,
1797 2269 2163 2343 Proteum
2237 2266 2525 2342 habere
2578 2294 2830 2343 unum
2889 2267 3370 2346 solummodo
3420 2268 3764 2345 canalem
3811 2266 4030 2350 semi·

855 2400 1343 2475 circularem.
1460 2397 1601 2475 Sed
1673 2398 1888 2474 hunc
1952 2400 2117 2490 ‚iam
2166 2402 2519 2477 Cuvier
2568 2399 2635 2495 9)
2720 2398 2817 2475 de
2894 2401 2989 2478 iis
3055 2403 3459 2476 certiorem
3523 2401 3741 2488 fecit,
3831 2423 4030 2506 quae

856 2531 1412 2614 Blainville
1460 2558 1549 2608 ac
1598 2531 1842 2608 Pohl
1890 2531 2119 2607 aliter
2186 2531 2335 2607 hac
2403 2530 2501 2608 de
2547 2558 2632 2608 re
2678 2549 3130 2610 statuerant.
3234 2532 3455 2628 Quae
3502 2529 3864 2634 equidem
3915 2531 4031 2606 in·

854 2664 1030 2740 veni
1081 2664 1493 2740 maximam
1542 2682 1843 2771 partem
1893 2691 2073 2740 cum
2122 2663 2472 2740 Pohlii
2522 2661 3037 2773 descriptione
3086 2683 3529 2740 consonant.

984 2878 993 2899 .
1051 2794 1258 2870 Situs
1326 2796 1624 2898 Organi
1703 2795 2031 2873 auditus.
2151 2800 2249 2874 In
2314 2797 2677 2875 omnibus
2699 2852 2720 2884 ,
2801 2824 3004 2903 quae
3069 2796 3170 2873 ad
3232 2797 3716 2900 osteologiam
3791 2797 4030 2875 huius

856 2929 1105 3004 classis
1172 2928 1642 3005 animalium
1712 2931 2150 3036 pertinent,
2240 2930 2676 3024 meliorem,
2753 2957 2993 3035 quam
3031 2930 3568 3007 Cuvierum
3632 2947 4025 3006 auctorem

850 3062 1071 3164 sequi
1144 3087 1309 3137 non
1358 3087 1689 3167 possum.
1813 3063 2084 3168 Neque
2130 3061 2561 3140 Rusconi
2611 3086 2864 3168 neq-ue
2908 3061 3151 3138 Pohl
3205 3059 3291 3137 in
3339 3057 3857 3138 delineatione
3907 3088 4027 3138 ca-

850 3195 1073 3298 pitis,
1136 3194 1287 3268 alia
1341 3194 1641 3269 ratione
1689 3191 2021 3297 optima,
2091 3211 2406 3272 suturas
2456 3213 2854 3273 notarunt.
2949 3194 3207 3270 Omne
3255 3193 3404 3268 hoc
3452 3219 3799 3298 organon
3848 3219 4026 3269 con·

37 1402 44 1409 .
16 959 67 1303 -ΓΑἹξἾῗῚῖέὲ,ᾼΜ
16 893 17 898 ⁴

967 3549 1055 3626 4)
1094 3546 1575 3617 Alexander
1634 3571 1788 3617 von
1835 3549 2282 3615 Humboldt
2348 3550 2837 3636 Beobachtzmgen
2895 3568 3006 3613 ω
3063 3548 3177 3609 det·
3213 3546 3503 3627 Zoologie
3575 3541 3709 3603 wid
3765 3528 4022 3623 ver-glei-

962 3668 969 3675 '
1100 3665 1366 3728 chenden
1404 3665 1746 3738 Anatomie.
1837 3668 2150 3752 Tiibingen
2197 3666 2375 3736 1806.
2432 3691 2499 3754 p.
2547 3665 2682 3737 183.
2765 3667 3073 3729 Cuvier
3125 3684 3230 3725 sur
3291 3663 3376 3722 les
3414 3680 3726 3723 esssemens
3753 3660 4023 3742 fossiles.

1096 3782 1279 3849 Tom.
1305 3784 1386 3847 V.
1433 3807 1501 3869 p.
1525 3786 1672 3865 423.
1705 3784 1793 3868 pl.
1815 3785 2092 3849 xxvu.
2138 3784 2274 3869 Fig.
2309 3806 2363 3848 t.
2399 3807 2454 3845 e.

978 3900 1050 3975 5)
1086 3900 1217 3962 Del
1253 3899 1472 3963 Proteo
1513 3905 1776 3983 anguino
1814 3901 1891 3964 di
1924 3903 2217 3964 Lam-enti
2253 3900 2651 3985 monogr-aflet.
2731 3897 2930 3959 Pavia
2966 3893 3146 3977 1819.
3180 3914 3231 3978 p
3278 3913 3385 3977 92.
3461 3904 3470 3913 “

982 4015 1047 4095 6)
1087 4016 1250 4077 Tab.
1282 4018 1399 4085 lv.
1452 4017 1593 4101 Fig.
1619 4016 1686 4099 4.

985 4139 1048 4216 7)
1092 4132 1407 4218 Principes
1441 4133 1838 4199 d’Anatomie
1877 4134 2208 4217 compaoe'e.
2288 4130 2468 4194 Tom.
2499 4132 2552 4192 1.
2606 4151 2667 4212 p.
2698 4128 2841 4215 549.

975 4246 1049 4332 8)
1090 4248 1413 4333 Expositio
1451 4249 1748 4332 generalis
1788 4250 2000 4332 organi
2042 4247 2306 4310 auditus.
2357 4268 2490 4330 pag.
2506 4267 2568 4330 9.

922 4370 1049 4447 9)
1093 4365 1365 4453 Rapport
1388 4367 1535 4445 sait
1578 4369 1626 4425 ὰ
1674 4364 2047 4427 I'Academie
2100 4362 2313 4443 rqrale
2348 4363 2430 4425 de
2468 4364 2721 4425 acinaces
2763 4361 2865 4424 ·du
2914 4362 2976 4431 6.
3005 4361 3173 4449 Sept.
3223 4359 3395 4426 1830.
3452 4376 3562 4419 sur
3616 4376 3697 4417 un
3741 4358 4022 4419 memoire

1096 4481 1175 4544 de
1215 4483 1343 4543 ΜΓ.
1369 4485 1455 4546 Μ.
1483 4482 1871 4545 Breschet
1902 4480 2122 4543 eeu-les
2152 4500 2403 4562 orgum
2457 4479 2542 4542 de
2592 4476 2910 4543 l’audition
2952 4478 3362 4562 desponsans
3404 4493 3538 4560 pat·
3571 4473 3692 4536 Ma.
3719 4472 4023 4536 Cuvier

1097 4609 1156 4656 et
1200 4596 1587 4657 Dumeril.
1668 4596 1938 4660 Annales
1976 4596 2085 4660 des
2140 4598 2392 4659 sciencec
2445 4597 2768 4661 antecellet
2818 4614 2947 4681 par
2992 4592 3417 4667 Audouin,
3491 4588 3926 4675 Brogniart
3967 4600 4026 4650 ec

1092 4711 1392 4772 Dumas
1447 4712 1627 4781 Tom.
1658 4714 1834 4777 xxl.
1875 4715 2043 4800 Sept.
2082 4712 2257 4777 1830.
2299 4735 2432 4798 pag.
2466 4735 2602 4781 ιιι.
