4650 5525
1962 280 2492 398 ...3-

666 511 962 643 tinetur
1008 567 1219 674 apud
1269 571 1634 645 Proteum
1685 566 1771 643 in
1822 592 1978 644 osse
2027 584 2329 674 petroso
2387 564 2526 662 ¹⁰),
2578 563 2794 670 quod
2839 587 3176 671 superne
3222 566 3716 672 interneque
3734 570 3831 643 ab

656 723 813 773 osse
862 700 1254 802 parietali,
1307 727 1351 775 a
1406 718 1614 802 tergo
1661 699 1761 774 ab
1811 697 2199 805 occipitali
2250 698 2585 788 laterali,
2638 698 2742 773 ab
2787 697 3155 774 inferiore
3206 716 3424 804 parte
3474 725 3518 774 a
3566 698 3834 803 sphoe-

658 829 935 905 noideo
987 831 1285 908 finitur.
1404 831 1768 906 Anterius
1839 857 2022 907 cum
2088 830 2376 907 lamina
2451 828 2944 932 cartilaginea
3011 817 3413 905 cavitatem
3461 817 3734 935 eapitis
3783 858 3826 904 a

652 962 891 1036 latere
958 961 1470 1040 concludente
1535 963 2064 1066 coniungitur.
2182 966 2422 1040 Extus
2489 988 2570 1039 os
2646 961 3178 1068 tympanieum
3257 959 3830 1064 (quadratum)

649 1090 1034 1169 adhaeret.

852 1230 1115 1331 Ipsum
1142 1226 1628 1314 vestibulum,
1677 1229 1738 1305 si
1792 1226 1892 1305 ad
1923 1228 2193 1333 capitis
2244 1225 2861 1331 magnitudinem
2912 1227 3353 1333 respexeris,
3407 1255 3680 1331 magna
3700 1228 3832 1303 ob-

655 1359 1039 1460 longaque
1090 1339 1371 1435 cavitas
1420 1361 1598 1435 ossis
1648 1361 1928 1465 petrosi
1980 1379 2123 1452 est,
2173 1379 2613 1438 ann-orsum
2662 1358 2899 1464 magis
2949 1361 3341 1463 magisque
3390 1380 3824 1464 angustata,

648 1487 748 1563 ad
818 1491 1186 1593 parietem
1260 1494 1761 1596 posteriorem
1829 1492 2367 1599 spatiosissima
2433 1511 2511 1570 et
2558 1489 3180 1599 profundissima.
3286 1493 3822 1569 Pavimentum

650 1621 856 1695 linea
907 1624 1396 1727 prominente
1446 1627 1531 1701 in
1583 1625 1773 1704 duas
1822 1646 2073 1732 partes
2122 1625 2451 1702 divisum
2500 1615 2644 1713 est,
2712 1625 3218 1716 anteriorem,
3285 1624 3533 1702 multo
3580 1627 3827 1701 mino-

656 1773 822 1827 rem
872 1771 1105 1855 atque
1152 1758 1706 1856 angustiorem,
1776 1760 1861 1834 in
1927 1785 2082 1862 qua
2148 1776 2354 1834 certe
2402 1783 2646 1832 unam
2706 1757 3169 1862 ampullam,
3240 1757 3418 1837 satis
3465 1784 3821 1860 magnam

651 1884 954 1974 inveni,
1019 1905 1097 1963 et
1146 1888 1687 1992 posteriorem,
1759 1890 2174 1980 maiorem,
2244 1887 2714 1994 profundius
2761 1909 3193 1966 excavatam
3221 1940 3244 1979 ,
3323 1915 3537 1965 sacco
3587 1907 3665 1963 et
3715 1891 3818 1966 la·

648 2014 841 2117 pillo
890 2018 1285 2121 repletam.
1389 2021 1763 2124 Quinque
1814 2021 1996 2098 licet
2044 2021 2370 2128 parietes
2419 2020 2894 2125 distinguere
2937 2022 3450 2126 superiorem,
3504 2020 3818 2097 inferio-

646 2170 845 2238 rem,
918 2147 1355 2238 internum,
1433 2140 1877 2246 arternum,
1940 2155 2595 2260 posterioremque
2608 2189 2630 2250 3
2700 2181 2886 2232 nam
2933 2173 3276 2258 quatuor
3324 2153 3615 2259 priores
3678 2180 3812 2230 an-

646 2297 980 2356 trorsum
1030 2287 1315 2387 angulo
1364 2305 1595 2363 acuto
1646 2288 1754 2363 ita
1804 2289 2431 2391 coniunguntur,
2497 2307 2590 2364 ut
2638 2285 2886 2392 paries
2934 2287 3279 2362 anterior
3339 2288 3596 2362 locum
3649 2315 3812 2361 non

643 2411 945 2489 habeat.
1047 2415 1409 2511 Quatuor
1472 2417 1707 2495 habet
1753 2418 1942 2495 haec
1991 2419 2269 2497 cavitas
2316 2420 2721 2500 foramina.
2820 2419 3157 2494 Primum
3202 2418 3380 2494 satis
3406 2443 3816 2520 magnum,

641 2542 971 2646 oblonga
1023 2546 1452 2624 rotundum
1500 2551 1873 2654 parietem
1919 2571 2327 2628 externum
2377 2552 2809 2657 personina,
2836 2552 3270 2650 fenestram
3319 2552 3629 2639 evalemi
3683 2547 3814 2622 (le-

554 2689 581 2702 '
638 2674 1111 2778 seripserunt
1181 2703 1352 2754 eam
1401 2683 1828 2757 Rusconi
1905 2700 1983 2759 et
2030 2680 2314 2779 Poh13
2384 2682 2746 2762 Cuvier
2793 2679 2887 2778 ¹¹)
2938 2682 3138 2758 iusto
3187 2682 3355 2758 loco
3410 2679 3627 2755 illam
3676 2678 3809 2754 de-

636 2807 913 2911 pinxit·
1018 2810 1407 2915 Operculo
1477 2813 1709 2889 etiam
1759 2815 1997 2905 omli,
2064 2815 2562 2921 cartilagineo
2621 2814 2886 2921 (quod
2955 2835 3213 2893 tamen
3263 2812 3556 2890 duritie
3609 2813 3811 2888 illud

633 2940 1173 3039 salamandrae
1221 2944 1580 3051 superat)
1651 2945 1840 3023 haec
1890 2947 2221 3025 fenestra
2287 2967 2646 3026 accurate
2695 2949 3160 3038 obturatur,
3230 2946 3444 3049 quod
3494 2974 3808 3051 parum-

633 3097 772 3173 per
822 3073 908 3144 in
962 3073 1095 3147 illa
1147 3077 1434 3149 moveri
1485 3095 1749 3179 potest.
1849 3084 2367 3181 Apparatum,
2417 3105 2576 3178 quo
2629 3077 2777 3152 hoc
2820 3079 3277 3181 operculum
3330 3076 3430 3149 ad
3479 3102 3559 3149 os
3612 3095 3806 3176 tym-
3869 3158 3876 3164 ,

631 3202 999 3306 panicum
1049 3204 1420 3305 affigitur,
1473 3203 1723 3279 Pohl
1785 3200 1885 3299 ¹²)
1925 3204 2225 3309 primus
2273 3207 2566 3308 optime
2617 3202 3049 3310 descripsit3
3141 3205 3287 3280 hoc
3337 3231 3589 3279 unum
3643 3232 3803 3279 non

629 3332 887 3424 vide0‚
960 3360 1102 3409 cur
1172 3335 1425 3440 ipsum
1498 3362 1578 3411 os
1630 3336 2160 3441 tympanicum
2207 3359 2340 3409 seu
2390 3335 2863 3437 quadratum
2944 3355 3245 3441 partem
3324 3362 3802 3439 squamosam

631 3467 803 3541 ossis
821 3466 1100 3572 petrosi
1127 3458 1640 3543 nominaverit
1655 3527 1675 3561 ‚
1733 3469 1953 3544 cuius
1975 3492 2073 3542 ne
2091 3467 2337 3567 simile
2353 3467 2673 3571 quidem
2689 3466 3124 3571 quidquam
3164 3470 3247 3542 in
3274 3469 3522 3572 capite
3543 3469 3799 3544 Protei

626 3599 981 3677 invenies.
1084 3598 1447 3701 Infigitur
1497 3600 1784 3676 scilicet
1834 3599 1927 3677 ad
1982 3596 2360 3704 angulum
2408 3599 2879 3676 anteriorem
2950 3600 3376 3676 acutiorem
3449 3601 3795 3705 operculi

550 3784 555 3791 -
624 3731 1218 3832 ligamentulum
1285 3733 1715 3837 quoddam,
1762 3710 1953 3808 'fere
2016 3735 2305 3810 lineam
2379 3732 2738 3836 longum,
2804 3731 3042 3836 idque
3109 3733 3363 3835 ipsum
3428 3731 3795 3846 adhaeret

628 3866 1009 3966 processui
1061 3894 1297 3969 parvo
1352 3893 1587 3956 ossen,
1639 3864 1979 3942 eiusdem
2027 3867 2188 3944 sere
2225 3863 2768 3970 longitudinis,
2822 3864 2961 3967 qui
3014 3888 3105 3936 ex
3136 3862 3388 3937 medio
3419 3888 3572 3938 osse
3603 3878 3793 3966 tym-

592 3995 942 4105 ¹panion,
1019 3995 1105 4072 in
1169 3998 1367 4072 facie
1412 3999 1852 4105 posteriori,
1918 3999 2198 4074 oritur.
2294 4001 2686 4074 Processus
2759 3995 2972 4072 hicce
3024 4018 3269 4069 osseus
3352 4020 3534 4068 cum
3604 3996 3791 4098 liga-

712 4288 817 4356 ιο)
856 4282 1055 4343 Semel
1102 4282 1201 4343 hic
1262 4302 1583 4358 moneam,
1622 4282 2185 4358 Blainvillium
2242 4286 2307 4344 in
2363 4305 2435 4346 eo
2477 4284 2735 4344 maxime
2796 4301 3037 4355 errare,
3088 4280 3255 4364 quod
3309 4291 3392 4341 et·
3442 4281 3520 4341 de
3562 4281 3784 4342 Proteo

863 4408 924 4455 et
980 4398 1058 4458 de
1093 4396 1489 4459 salamandra
1509 4440 1527 4476 ‚
1579 4396 1767 4458 Ranis
1816 4409 2000 4483 atque
2040 4400 2384 4463 Bufonibus
2434 4398 2692 4461 affirmet
2711 4442 2731 4479 ‚
2786 4395 3207 4481 labyrinthum
3253 4399 3317 4457 in
3377 4418 3502 4473 οεες
3564 4400 3786 4481 occipi-

868 4506 995 4614 tali.
1023 4510 1321 4573 inclusum
1365 4535 1509 4576 esse.

708 4642 727 4681 1
752 4631 813 4699 ι)
859 4623 1007 4712 Loc.
1050 4624 1286 4687 cit.'Pl.
1316 4626 1588 4692 XXVII.
1640 4628 1775 4713 Fig.
1811 4627 1900 4708 14.
1928 4651 1979 4692 e.

658 4770 669 4779 -
708 4740 808 4820 12)
856 4738 926 4803 L.
971 4762 1026 4801 c.
1078 4763 1139 4822 p.
1183 4760 1274 4809 ιο.
1324 4743 1477 4811 Tab.
1512 4744 1621 4809 111.
1672 4744 1935 4828 Fig.11.
1964 4745 2048 4807 A.
