<?xml version="1.0" encoding="UTF-8"?>
<!DOCTYPE html PUBLIC "-//W3C//DTD XHTML 1.0 Transitional//EN"
    "http://www.w3.org/TR/xhtml1/DTD/xhtml1-transitional.dtd">
<html xmlns="http://www.w3.org/1999/xhtml" xml:lang="en" lang="en">
 <head>
  <title>
</title>
<meta http-equiv="Content-Type" content="text/html;charset=utf-8" />
  <meta name='ocr-system' content='tesseract 3.04.00' />
  <meta name='ocr-capabilities' content='ocr_page ocr_carea ocr_par ocr_line ocrx_word'/>
</head>
<body>
  <div class='ocr_page' id='page_1' title='image "./depenitioriauri01windgoog_0019.png"; bbox 0 0 4650 5525; ppageno 0'>
   <div class='ocr_carea' id='block_1_1' title="bbox 1949 299 2480 378">
    <p class='ocr_par' dir='ltr' id='par_1_1' title="bbox 1949 299 2480 378">
     <span class='ocr_line' id='line_1_1' title="bbox 1949 299 2480 378; baseline 0.002 -12"><span class='ocrx_word' id='word_1_1' title='bbox 1949 299 2480 378; x_wconf 67' lang='grc'><strong>...7-</strong></span> 
     </span>
    </p>
   </div>
   <div class='ocr_carea' id='block_1_2' title="bbox 584 535 3768 1714">
    <p class='ocr_par' dir='ltr' id='par_1_2' title="bbox 584 535 3768 1714">
     <span class='ocr_line' id='line_1_2' title="bbox 587 535 3768 655; baseline 0.002 -30"><span class='ocrx_word' id='word_1_2' title='bbox 587 540 899 630; x_wconf 81' lang='lat' dir='ltr'><strong>interno</strong></span> <span class='ocrx_word' id='word_1_3' title='bbox 946 554 1089 630; x_wconf 84' lang='lat' dir='ltr'><strong>sita</strong></span> <span class='ocrx_word' id='word_1_4' title='bbox 1113 610 1132 642; x_wconf 85' lang='lat'><strong>,</strong></span> <span class='ocrx_word' id='word_1_5' title='bbox 1184 575 1385 655; x_wconf 80' lang='lat' dir='ltr'><strong>quae</strong></span> <span class='ocrx_word' id='word_1_6' title='bbox 1434 535 1764 630; x_wconf 59' lang='lat' dir='ltr'><strong>nervum</strong></span> <span class='ocrx_word' id='word_1_7' title='bbox 1813 547 2236 630; x_wconf 79' lang='lat' dir='ltr'><strong>acusticum</strong></span> <span class='ocrx_word' id='word_1_8' title='bbox 2284 545 2769 653; x_wconf 75' lang='lat' dir='ltr'><strong>bipartitum,</strong></span> <span class='ocrx_word' id='word_1_9' title='bbox 2817 570 2897 627; x_wconf 88' lang='lat' dir='ltr'><strong>et</strong></span> <span class='ocrx_word' id='word_1_10' title='bbox 2938 552 3167 628; x_wconf 76' lang='lat' dir='ltr'><strong>sicuti</strong></span> <span class='ocrx_word' id='word_1_11' title='bbox 3221 551 3307 630; x_wconf 80' lang='lat' dir='ltr'><strong>in</strong></span> <span class='ocrx_word' id='word_1_12' title='bbox 3353 555 3630 630; x_wconf 61' lang='lat' dir='ltr'><strong>Promo</strong></span> <span class='ocrx_word' id='word_1_13' title='bbox 3679 553 3768 631; x_wconf 81' lang='lat' dir='ltr'><strong>in</strong></span> 
     </span>
     <span class='ocr_line' id='line_1_3' title="bbox 588 679 3767 788; baseline 0.001 -31"><span class='ocrx_word' id='word_1_14' title='bbox 588 708 803 760; x_wconf 87' lang='lat' dir='ltr'><strong>sacco</strong></span> <span class='ocrx_word' id='word_1_15' title='bbox 854 702 932 762; x_wconf 90' lang='lat' dir='ltr'><strong>et</strong></span> <span class='ocrx_word' id='word_1_16' title='bbox 980 684 1348 787; x_wconf 68' lang='lat' dir='ltr'><strong>amp‘ullis</strong></span> <span class='ocrx_word' id='word_1_17' title='bbox 1395 708 1471 759; x_wconf 85' lang='lat' dir='ltr'><strong>se</strong></span> <span class='ocrx_word' id='word_1_18' title='bbox 1520 681 2077 777; x_wconf 68' lang='lat' dir='ltr'><strong>dii-amantem,</strong></span> <span class='ocrx_word' id='word_1_19' title='bbox 2143 679 2727 769; x_wconf 77' lang='lat' dir='ltr'><strong>transmittunt3</strong></span> <span class='ocrx_word' id='word_1_20' title='bbox 2820 707 3192 788; x_wconf 78' lang='lat' dir='ltr'><strong>magnum</strong></span> <span class='ocrx_word' id='word_1_21' title='bbox 3237 683 3592 774; x_wconf 73' lang='lat' dir='ltr'><strong>tertium,</strong></span> <span class='ocrx_word' id='word_1_22' title='bbox 3664 685 3767 761; x_wconf 74' lang='lat' dir='ltr'><strong>ad</strong></span> 
     </span>
     <span class='ocr_line' id='line_1_4' title="bbox 588 797 3763 919; baseline 0.001 -31"><span class='ocrx_word' id='word_1_23' title='bbox 588 816 962 917; x_wconf 84' lang='lat' dir='ltr'><strong>parietem</strong></span> <span class='ocrx_word' id='word_1_24' title='bbox 1013 797 1473 890; x_wconf 60' lang='lat' dir='ltr'><strong>inferiorem¹</strong></span> <span class='ocrx_word' id='word_1_25' title='bbox 1510 816 1783 903; x_wconf 82' lang='lat' dir='ltr'><strong>situm,</strong></span> <span class='ocrx_word' id='word_1_26' title='bbox 1809 807 2238 915; x_wconf 60' lang='lat' dir='ltr'><strong>fenestram</strong></span> <span class='ocrx_word' id='word_1_27' title='bbox 2270 815 2568 892; x_wconf 71' lang='lat' dir='ltr'><strong>evalem.</strong></span> <span class='ocrx_word' id='word_1_28' title='bbox 2675 819 3186 919; x_wconf 74' lang='lat' dir='ltr'><strong>Apparatum,</strong></span> <span class='ocrx_word' id='word_1_29' title='bbox 3241 844 3400 919; x_wconf 73' lang='lat' dir='ltr'><strong>que</strong></span> <span class='ocrx_word' id='word_1_30' title='bbox 3452 818 3763 892; x_wconf 61' lang='lat' dir='ltr'><strong>obtura-</strong></span> 
     </span>
     <span class='ocr_line' id='line_1_5' title="bbox 592 945 3764 1053; baseline 0.001 -32"><span class='ocrx_word' id='word_1_31' title='bbox 592 969 760 1032; x_wconf 85' lang='lat' dir='ltr'><strong>tur,</strong></span> <span class='ocrx_word' id='word_1_32' title='bbox 812 973 904 1052; x_wconf 80' lang='lat' dir='ltr'><strong>ex</strong></span> <span class='ocrx_word' id='word_1_33' title='bbox 956 948 1204 1023; x_wconf 86' lang='lat' dir='ltr'><strong>tribus</strong></span> <span class='ocrx_word' id='word_1_34' title='bbox 1253 949 1609 1053; x_wconf 84' lang='lat' dir='ltr'><strong>partibus</strong></span> <span class='ocrx_word' id='word_1_35' title='bbox 1659 966 2063 1024; x_wconf 80' lang='lat' dir='ltr'><strong>coeuntem</strong></span> <span class='ocrx_word' id='word_1_36' title='bbox 2118 947 2418 1036; x_wconf 78' lang='lat' dir='ltr'><strong>inveni,</strong></span> <span class='ocrx_word' id='word_1_37' title='bbox 2469 945 2686 1051; x_wconf 84' lang='lat' dir='ltr'><strong>qued</strong></span> <span class='ocrx_word' id='word_1_38' title='bbox 2738 948 3170 1049; x_wconf 64' lang='lat' dir='ltr'><strong>neglexerat</strong></span> <span class='ocrx_word' id='word_1_39' title='bbox 3200 949 3764 1038; x_wconf 72' lang='lat' dir='ltr'><strong>maim-ille,-</strong></span> 
     </span>
     <span class='ocr_line' id='line_1_6' title="bbox 587 1078 3764 1185; baseline 0.001 -33"><span class='ocrx_word' id='word_1_40' title='bbox 587 1081 712 1153; x_wconf 89' lang='lat' dir='ltr'><strong>cui</strong></span> <span class='ocrx_word' id='word_1_41' title='bbox 767 1081 1296 1183; x_wconf 80' lang='lat' dir='ltr'><strong>cartilaginem</strong></span> <span class='ocrx_word' id='word_1_42' title='bbox 1351 1079 1879 1162; x_wconf 79' lang='lat' dir='ltr'><strong>branchialem</strong></span> <span class='ocrx_word' id='word_1_43' title='bbox 1955 1080 2086 1155; x_wconf 87' lang='lat' dir='ltr'><strong>hic</strong></span> <span class='ocrx_word' id='word_1_44' title='bbox 2154 1080 2363 1156; x_wconf 85' lang='lat' dir='ltr'><strong>inter</strong></span> <span class='ocrx_word' id='word_1_45' title='bbox 2427 1081 2750 1158; x_wconf 78' lang='lat' dir='ltr'><strong>ossicula</strong></span> <span class='ocrx_word' id='word_1_46' title='bbox 2823 1078 3212 1177; x_wconf 81' lang='lat' dir='ltr'><strong>auditoria</strong></span> <span class='ocrx_word' id='word_1_47' title='bbox 3261 1081 3554 1158; x_wconf 67' lang='lat' dir='ltr'><strong>retem-e</strong></span> <span class='ocrx_word' id='word_1_48' title='bbox 3603 1083 3764 1185; x_wconf 84' lang='lat' dir='ltr'><strong>pla·</strong></span> 
     </span>
     <span class='ocr_line' id='line_1_7' title="bbox 589 1212 3760 1317; baseline 0.001 -32"><span class='ocrx_word' id='word_1_49' title='bbox 589 1213 769 1286; x_wconf 88' lang='lat' dir='ltr'><strong>cuit.</strong></span> <span class='ocrx_word' id='word_1_50' title='bbox 874 1213 1139 1314; x_wconf 84' lang='lat' dir='ltr'><strong>Neque</strong></span> <span class='ocrx_word' id='word_1_51' title='bbox 1201 1214 1710 1315; x_wconf 81' lang='lat' dir='ltr'><strong>ligamentum</strong></span> <span class='ocrx_word' id='word_1_52' title='bbox 1779 1212 1977 1290; x_wconf 86' lang='lat' dir='ltr'><strong>illud</strong></span> <span class='ocrx_word' id='word_1_53' title='bbox 2042 1215 2365 1314; x_wconf 88' lang='lat' dir='ltr'><strong>longum</strong></span> <span class='ocrx_word' id='word_1_54' title='bbox 2427 1239 2520 1286; x_wconf 87' lang='lat' dir='ltr'><strong>ac</strong></span> <span class='ocrx_word' id='word_1_55' title='bbox 2592 1232 2821 1288; x_wconf 87' lang='lat' dir='ltr'><strong>tenue</strong></span> <span class='ocrx_word' id='word_1_56' title='bbox 2872 1212 3220 1288; x_wconf 76' lang='lat' dir='ltr'><strong>invenire</strong></span> <span class='ocrx_word' id='word_1_57' title='bbox 3271 1214 3532 1317; x_wconf 80' lang='lat' dir='ltr'><strong>potui,</strong></span> <span class='ocrx_word' id='word_1_58' title='bbox 3599 1240 3760 1315; x_wconf 82' lang='lat' dir='ltr'><strong>quo</strong></span> 
     </span>
     <span class='ocr_line' id='line_1_8' title="bbox 587 1344 3758 1449; baseline 0 -31"><span class='ocrx_word' id='word_1_59' title='bbox 587 1345 1042 1449; x_wconf 85' lang='lat' dir='ltr'><strong>operculum</strong></span> <span class='ocrx_word' id='word_1_60' title='bbox 1110 1345 1513 1422; x_wconf 84' lang='lat' dir='ltr'><strong>foraminis</strong></span> <span class='ocrx_word' id='word_1_61' title='bbox 1577 1346 1810 1424; x_wconf 84' lang='lat' dir='ltr'><strong>ovalis</strong></span> <span class='ocrx_word' id='word_1_62' title='bbox 1854 1373 2061 1421; x_wconf 74' lang='lat' dir='ltr'><strong>cum</strong></span> <span class='ocrx_word' id='word_1_63' title='bbox 2141 1344 2275 1419; x_wconf 88' lang='lat' dir='ltr'><strong>illa</strong></span> <span class='ocrx_word' id='word_1_64' title='bbox 2350 1344 2802 1446; x_wconf 79' lang='lat' dir='ltr'><strong>cartilagine</strong></span> <span class='ocrx_word' id='word_1_65' title='bbox 2884 1344 3318 1420; x_wconf 80' lang='lat' dir='ltr'><strong>branchiali</strong></span> <span class='ocrx_word' id='word_1_66' title='bbox 3387 1345 3758 1447; x_wconf 73' lang='lat' dir='ltr'><strong>coniungi</strong></span> 
     </span>
     <span class='ocr_line' id='line_1_9' title="bbox 584 1456 3764 1582; baseline 0.001 -35"><span class='ocrx_word' id='word_1_67' title='bbox 584 1474 944 1551; x_wconf 84' lang='lat' dir='ltr'><strong>affirmat.</strong></span> <span class='ocrx_word' id='word_1_68' title='bbox 1036 1479 1189 1556; x_wconf 81' lang='lat' dir='ltr'><strong>Res</strong></span> <span class='ocrx_word' id='word_1_69' title='bbox 1239 1477 1347 1558; x_wconf 77' lang='lat' dir='ltr'><strong>ita</strong></span> <span class='ocrx_word' id='word_1_70' title='bbox 1395 1503 1471 1553; x_wconf 90' lang='lat' dir='ltr'><strong>se</strong></span> <span class='ocrx_word' id='word_1_71' title='bbox 1518 1477 1752 1556; x_wconf 86' lang='lat' dir='ltr'><strong>habet</strong></span> <span class='ocrx_word' id='word_1_72' title='bbox 1784 1510 1803 1549; x_wconf 70' lang='grc' dir='ltr'>ε</span> <span class='ocrx_word' id='word_1_73' title='bbox 1876 1503 2054 1582; x_wconf 87' lang='lat' dir='ltr'><strong>pars</strong></span> <span class='ocrx_word' id='word_1_74' title='bbox 2103 1456 2393 1569; x_wconf 86' lang='lat' dir='ltr'><strong>maior,</strong></span> <span class='ocrx_word' id='word_1_75' title='bbox 2468 1475 2797 1552; x_wconf 84' lang='lat' dir='ltr'><strong>interior</strong></span> <span class='ocrx_word' id='word_1_76' title='bbox 2837 1494 2916 1551; x_wconf 89' lang='lat' dir='ltr'><strong>et</strong></span> <span class='ocrx_word' id='word_1_77' title='bbox 2966 1477 3343 1580; x_wconf 79' lang='lat' dir='ltr'><strong>posterior</strong></span> <span class='ocrx_word' id='word_1_78' title='bbox 3389 1476 3764 1551; x_wconf 71' lang='lat' dir='ltr'><strong>fenestrae</strong></span> 
     </span>
     <span class='ocr_line' id='line_1_10' title="bbox 586 1606 3761 1714; baseline 0 -32"><span class='ocrx_word' id='word_1_79' title='bbox 586 1608 684 1682; x_wconf 85' lang='lat' dir='ltr'><strong>ab</strong></span> <span class='ocrx_word' id='word_1_80' title='bbox 734 1610 1100 1714; x_wconf 88' lang='lat' dir='ltr'><strong>operculo</strong></span> <span class='ocrx_word' id='word_1_81' title='bbox 1135 1606 1233 1702; x_wconf 78' lang='lat'><strong>²²)</strong></span> <span class='ocrx_word' id='word_1_82' title='bbox 1286 1608 1573 1713; x_wconf 83' lang='lat' dir='ltr'><strong>tegitur</strong></span> <span class='ocrx_word' id='word_1_83' title='bbox 1617 1609 2159 1713; x_wconf 86' lang='lat' dir='ltr'><strong>cartilagineo‚</strong></span> <span class='ocrx_word' id='word_1_84' title='bbox 2212 1608 2426 1685; x_wconf 85' lang='lat' dir='ltr'><strong>intus</strong></span> <span class='ocrx_word' id='word_1_85' title='bbox 2475 1607 2841 1684; x_wconf 90' lang='lat' dir='ltr'><strong>nonnihil</strong></span> <span class='ocrx_word' id='word_1_86' title='bbox 2887 1628 3285 1698; x_wconf 81' lang='lat' dir='ltr'><strong>excavato,</strong></span> <span class='ocrx_word' id='word_1_87' title='bbox 3336 1628 3552 1685; x_wconf 80' lang='lat' dir='ltr'><strong>extus</strong></span> <span class='ocrx_word' id='word_1_88' title='bbox 3581 1635 3761 1683; x_wconf 83' lang='lat' dir='ltr'><strong>con-</strong></span> 
     </span>
    </p>
   </div>
   <div class='ocr_carea' id='block_1_3' title="bbox 528 1729 3874 1847">
    <p class='ocr_par' dir='ltr' id='par_1_3' title="bbox 528 1729 3874 1847">
     <span class='ocr_line' id='line_1_11' title="bbox 528 1729 3874 1847; baseline 0.001 -36"><span class='ocrx_word' id='word_1_89' title='bbox 528 1785 537 1792; x_wconf 55' lang='lat'><em>1</em></span> <span class='ocrx_word' id='word_1_90' title='bbox 585 1766 812 1827; x_wconf 82' lang='lat' dir='ltr'><strong>vexo,</strong></span> <span class='ocrx_word' id='word_1_91' title='bbox 865 1742 962 1816; x_wconf 85' lang='lat' dir='ltr'><strong>ab</strong></span> <span class='ocrx_word' id='word_1_92' title='bbox 1013 1742 1380 1818; x_wconf 86' lang='lat' dir='ltr'><strong>anteriori</strong></span> <span class='ocrx_word' id='word_1_93' title='bbox 1430 1762 1651 1847; x_wconf 88' lang='lat' dir='ltr'><strong>parte</strong></span> <span class='ocrx_word' id='word_1_94' title='bbox 1698 1742 1919 1845; x_wconf 83' lang='lat' dir='ltr'><strong>quasi</strong></span> <span class='ocrx_word' id='word_1_95' title='bbox 1974 1761 2368 1830; x_wconf 84' lang='lat' dir='ltr'><strong>truncato,</strong></span> <span class='ocrx_word' id='word_1_96' title='bbox 2423 1739 2690 1816; x_wconf 82' lang='lat' dir='ltr'><strong>eodem</strong></span> <span class='ocrx_word' id='word_1_97' title='bbox 2731 1736 2945 1829; x_wconf 76' lang='lat' dir='ltr'><strong>loco,</strong></span> <span class='ocrx_word' id='word_1_98' title='bbox 2995 1769 3153 1844; x_wconf 83' lang='lat' dir='ltr'><strong>quo</strong></span> <span class='ocrx_word' id='word_1_99' title='bbox 3205 1769 3386 1817; x_wconf 85' lang='lat' dir='ltr'><strong>cum</strong></span> <span class='ocrx_word' id='word_1_100' title='bbox 3436 1742 3756 1817; x_wconf 73' lang='lat' dir='ltr'><strong>ossiculo</strong></span> <span class='ocrx_word' id='word_1_101' title='bbox 3801 1737 3810 1746; x_wconf 53' lang='lat'><strong><em>⁶</em></strong></span> <span class='ocrx_word' id='word_1_102' title='bbox 3865 1729 3874 1740; x_wconf 22' lang='grc' dir='ltr'>ἰ</span> 
     </span>
    </p>
   </div>
   <div class='ocr_carea' id='block_1_4' title="bbox 581 1871 3760 2899">
    <p class='ocr_par' dir='ltr' id='par_1_4' title="bbox 581 1871 3760 2899">
     <span class='ocr_line' id='line_1_12' title="bbox 581 1871 3754 1980; baseline 0 -34"><span class='ocrx_word' id='word_1_103' title='bbox 581 1872 913 1948; x_wconf 86' lang='lat' dir='ltr'><strong>secundo</strong></span> <span class='ocrx_word' id='word_1_104' title='bbox 966 1872 1063 1978; x_wconf 58' lang='lat'><strong>?3)</strong></span> <span class='ocrx_word' id='word_1_105' title='bbox 1136 1874 1660 1980; x_wconf 86' lang='lat' dir='ltr'><strong>coniungitur.</strong></span> <span class='ocrx_word' id='word_1_106' title='bbox 1780 1876 1946 1950; x_wconf 86' lang='lat' dir='ltr'><strong>Hoc</strong></span> <span class='ocrx_word' id='word_1_107' title='bbox 2016 1874 2429 1950; x_wconf 81' lang='lat' dir='ltr'><strong>ossiculum</strong></span> <span class='ocrx_word' id='word_1_108' title='bbox 2498 1871 2840 1950; x_wconf 85' lang='lat' dir='ltr'><strong>consistit</strong></span> <span class='ocrx_word' id='word_1_109' title='bbox 2887 1899 2980 1946; x_wconf 82' lang='lat' dir='ltr'><strong>ex</strong></span> <span class='ocrx_word' id='word_1_110' title='bbox 3046 1874 3244 1975; x_wconf 84' lang='lat' dir='ltr'><strong>stylo</strong></span> <span class='ocrx_word' id='word_1_111' title='bbox 3298 1900 3529 1978; x_wconf 78' lang='lat' dir='ltr'><strong>parvo</strong></span> <span class='ocrx_word' id='word_1_112' title='bbox 3581 1898 3754 1947; x_wconf 81' lang='lat' dir='ltr'><strong>vere</strong></span> 
     </span>
     <span class='ocr_line' id='line_1_13' title="bbox 585 1995 3754 2111; baseline 0.002 -35"><span class='ocrx_word' id='word_1_113' title='bbox 585 2030 829 2092; x_wconf 87' lang='lat' dir='ltr'><strong>osseo,</strong></span> <span class='ocrx_word' id='word_1_114' title='bbox 901 2024 980 2080; x_wconf 91' lang='lat' dir='ltr'><strong>et</strong></span> <span class='ocrx_word' id='word_1_115' title='bbox 1054 2007 1321 2110; x_wconf 87' lang='lat' dir='ltr'><strong>patina</strong></span> <span class='ocrx_word' id='word_1_116' title='bbox 1390 2033 1620 2111; x_wconf 84' lang='lat' dir='ltr'><strong>parva</strong></span> <span class='ocrx_word' id='word_1_117' title='bbox 1695 2008 1929 2082; x_wconf 85' lang='lat' dir='ltr'><strong>etiam</strong></span> <span class='ocrx_word' id='word_1_118' title='bbox 1999 1995 2434 2109; x_wconf 62' lang='lat' dir='ltr'><strong>quidquam</strong></span> <span class='ocrx_word' id='word_1_119' title='bbox 2480 2023 2872 2095; x_wconf 82' lang='lat' dir='ltr'><strong>excavata,</strong></span> <span class='ocrx_word' id='word_1_120' title='bbox 2937 2005 3480 2106; x_wconf 81' lang='lat' dir='ltr'><strong>cartilaginea3</strong></span> <span class='ocrx_word' id='word_1_121' title='bbox 3552 2034 3754 2110; x_wconf 86' lang='lat' dir='ltr'><strong>quae</strong></span> 
     </span>
     <span class='ocr_line' id='line_1_14' title="bbox 582 2135 3756 2243; baseline 0.002 -37"><span class='ocrx_word' id='word_1_122' title='bbox 582 2162 762 2209; x_wconf 85' lang='lat' dir='ltr'><strong>cum</strong></span> <span class='ocrx_word' id='word_1_123' title='bbox 813 2140 1160 2239; x_wconf 84' lang='lat' dir='ltr'><strong>margine</strong></span> <span class='ocrx_word' id='word_1_124' title='bbox 1214 2157 1568 2216; x_wconf 88' lang='lat' dir='ltr'><strong>truncato</strong></span> <span class='ocrx_word' id='word_1_125' title='bbox 1618 2139 1967 2243; x_wconf 85' lang='lat' dir='ltr'><strong>operculi</strong></span> <span class='ocrx_word' id='word_1_126' title='bbox 2014 2137 2415 2239; x_wconf 87' lang='lat' dir='ltr'><strong>ligamenti</strong></span> <span class='ocrx_word' id='word_1_127' title='bbox 2468 2161 2614 2241; x_wconf 87' lang='lat' dir='ltr'><strong>ope</strong></span> <span class='ocrx_word' id='word_1_128' title='bbox 2665 2135 3191 2226; x_wconf 85' lang='lat' dir='ltr'><strong>connectitur,</strong></span> <span class='ocrx_word' id='word_1_129' title='bbox 3266 2155 3345 2214; x_wconf 89' lang='lat' dir='ltr'><strong>et</strong></span> <span class='ocrx_word' id='word_1_130' title='bbox 3395 2137 3555 2214; x_wconf 85' lang='lat' dir='ltr'><strong>fere</strong></span> <span class='ocrx_word' id='word_1_131' title='bbox 3610 2158 3756 2214; x_wconf 82' lang='lat' dir='ltr'><strong>ter-</strong></span> 
     </span>
     <span class='ocr_line' id='line_1_15' title="bbox 594 2266 3758 2373; baseline 0.002 -35"><span class='ocrx_word' id='word_1_132' title='bbox 594 2266 778 2339; x_wconf 85' lang='lat' dir='ltr'><strong>tiam</strong></span> <span class='ocrx_word' id='word_1_133' title='bbox 832 2286 1136 2371; x_wconf 87' lang='lat' dir='ltr'><strong>partem</strong></span> <span class='ocrx_word' id='word_1_134' title='bbox 1187 2269 1559 2345; x_wconf 85' lang='lat' dir='ltr'><strong>fenestrae</strong></span> <span class='ocrx_word' id='word_1_135' title='bbox 1610 2269 1976 2346; x_wconf 89' lang='lat' dir='ltr'><strong>occludit.</strong></span> <span class='ocrx_word' id='word_1_136' title='bbox 2078 2271 2267 2345; x_wconf 84' lang='lat' dir='ltr'><strong>Illae</strong></span> <span class='ocrx_word' id='word_1_137' title='bbox 2299 2268 2521 2370; x_wconf 15' lang='lat' dir='ltr'><strong>*duae</strong></span> <span class='ocrx_word' id='word_1_138' title='bbox 2572 2287 2826 2372; x_wconf 86' lang='lat' dir='ltr'><strong>partes</strong></span> <span class='ocrx_word' id='word_1_139' title='bbox 2875 2267 3174 2344; x_wconf 84' lang='lat' dir='ltr'><strong>bullam</strong></span> <span class='ocrx_word' id='word_1_140' title='bbox 3222 2296 3542 2373; x_wconf 86' lang='lat' dir='ltr'><strong>parvam</strong></span> <span class='ocrx_word' id='word_1_141' title='bbox 3595 2297 3758 2344; x_wconf 85' lang='lat' dir='ltr'><strong>car·</strong></span> 
     </span>
     <span class='ocr_line' id='line_1_16' title="bbox 586 2389 3756 2505; baseline 0.003 -37"><span class='ocrx_word' id='word_1_142' title='bbox 586 2395 1064 2504; x_wconf 79' lang='lat' dir='ltr'><strong>tilagineam,</strong></span> <span class='ocrx_word' id='word_1_143' title='bbox 1122 2389 1623 2480; x_wconf 50' lang='lat' dir='ltr'><strong>in&#39;inferiore</strong></span> <span class='ocrx_word' id='word_1_144' title='bbox 1675 2401 1947 2505; x_wconf 87' lang='lat' dir='ltr'><strong>capitis</strong></span> <span class='ocrx_word' id='word_1_145' title='bbox 1994 2400 2189 2476; x_wconf 81' lang='lat' dir='ltr'><strong>facie</strong></span> <span class='ocrx_word' id='word_1_146' title='bbox 2239 2399 2850 2505; x_wconf 86' lang='lat' dir='ltr'><strong>praeminentem</strong></span> <span class='ocrx_word' id='word_1_147' title='bbox 2898 2399 3272 2488; x_wconf 83' lang='lat' dir='ltr'><strong>formant,</strong></span> <span class='ocrx_word' id='word_1_148' title='bbox 3334 2427 3535 2504; x_wconf 88' lang='lat' dir='ltr'><strong>quae</strong></span> <span class='ocrx_word' id='word_1_149' title='bbox 3586 2430 3756 2476; x_wconf 89' lang='lat' dir='ltr'><strong>mu-</strong></span> 
     </span>
     <span class='ocr_line' id='line_1_17' title="bbox 582 2527 3760 2636; baseline 0.003 -37"><span class='ocrx_word' id='word_1_150' title='bbox 582 2527 810 2601; x_wconf 82' lang='lat' dir='ltr'><strong>sculis</strong></span> <span class='ocrx_word' id='word_1_151' title='bbox 859 2555 948 2603; x_wconf 86' lang='lat' dir='ltr'><strong>ac</strong></span> <span class='ocrx_word' id='word_1_152' title='bbox 996 2549 1173 2604; x_wconf 87' lang='lat' dir='ltr'><strong>cute</strong></span> <span class='ocrx_word' id='word_1_153' title='bbox 1222 2530 1569 2608; x_wconf 85' lang='lat' dir='ltr'><strong>faucium</strong></span> <span class='ocrx_word' id='word_1_154' title='bbox 1634 2533 1931 2607; x_wconf 83' lang='lat' dir='ltr'><strong>obtecta</strong></span> <span class='ocrx_word' id='word_1_155' title='bbox 1995 2551 2125 2609; x_wconf 86' lang='lat' dir='ltr'><strong>est.</strong></span> <span class='ocrx_word' id='word_1_156' title='bbox 2222 2533 2587 2636; x_wconf 86' lang='lat' dir='ltr'><strong>Denique</strong></span> <span class='ocrx_word' id='word_1_157' title='bbox 2650 2530 2750 2607; x_wconf 91' lang='lat' dir='ltr'><strong>ad</strong></span> <span class='ocrx_word' id='word_1_158' title='bbox 2815 2533 3114 2636; x_wconf 86' lang='lat' dir='ltr'><strong>apicem</strong></span> <span class='ocrx_word' id='word_1_159' title='bbox 3165 2534 3466 2610; x_wconf 80' lang='lat' dir='ltr'><strong>ossiculi</strong></span> <span class='ocrx_word' id='word_1_160' title='bbox 3520 2532 3760 2608; x_wconf 80' lang='lat' dir='ltr'><strong>huius</strong></span> 
     </span>
     <span class='ocr_line' id='line_1_18' title="bbox 583 2658 3753 2769; baseline 0.003 -38"><span class='ocrx_word' id='word_1_161' title='bbox 583 2658 1091 2758; x_wconf 81' lang='lat' dir='ltr'><strong>ligamentum</strong></span> <span class='ocrx_word' id='word_1_162' title='bbox 1142 2658 1241 2754; x_wconf 78' lang='lat'><strong>²4)</strong></span> <span class='ocrx_word' id='word_1_163' title='bbox 1290 2681 1655 2769; x_wconf 80' lang='lat' dir='ltr'><strong>parvum‘,</strong></span> <span class='ocrx_word' id='word_1_164' title='bbox 1721 2664 1897 2741; x_wconf 87' lang='lat' dir='ltr'><strong>satis</strong></span> <span class='ocrx_word' id='word_1_165' title='bbox 1967 2664 2282 2742; x_wconf 77' lang='lat' dir='ltr'><strong>firmum</strong></span> <span class='ocrx_word' id='word_1_166' title='bbox 2349 2662 2751 2755; x_wconf 82' lang='lat' dir='ltr'><strong>adhaeret,</strong></span> <span class='ocrx_word' id='word_1_167' title='bbox 2824 2662 3039 2767; x_wconf 83' lang='lat' dir='ltr'><strong>quod</strong></span> <span class='ocrx_word' id='word_1_168' title='bbox 3107 2664 3268 2744; x_wconf 81' lang='lat' dir='ltr'><strong>fere</strong></span> <span class='ocrx_word' id='word_1_169' title='bbox 3309 2663 3563 2742; x_wconf 82' lang='lat' dir='ltr'><strong>medio</strong></span> <span class='ocrx_word' id='word_1_170' title='bbox 3614 2666 3753 2741; x_wconf 88' lang='lat' dir='ltr'><strong>ossi</strong></span> 
     </span>
     <span class='ocr_line' id='line_1_19' title="bbox 586 2793 1467 2899; baseline 0.005 -34"><span class='ocrx_word' id='word_1_171' title='bbox 586 2793 1025 2895; x_wconf 84' lang='lat' dir='ltr'><strong>tympanico</strong></span> <span class='ocrx_word' id='word_1_172' title='bbox 1095 2794 1467 2899; x_wconf 84' lang='lat' dir='ltr'><strong>infigitur.</strong></span> 
     </span>
    </p>
   </div>
   <div class='ocr_carea' id='block_1_5' title="bbox 1519 3045 2819 3125">
    <p class='ocr_par' dir='ltr' id='par_1_5' title="bbox 1519 3045 2819 3125">
     <span class='ocr_line' id='line_1_20' title="bbox 1519 3045 2819 3125; baseline 0 -8"><span class='ocrx_word' id='word_1_173' title='bbox 1519 3045 1652 3117; x_wconf 81' lang='lat' dir='ltr'><strong>lv.</strong></span> <span class='ocrx_word' id='word_1_174' title='bbox 1753 3048 2819 3125; x_wconf 80' lang='lat' dir='ltr'><strong>SALAMANDRINA.</strong></span> 
     </span>
    </p>
   </div>
   <div class='ocr_carea' id='block_1_6' title="bbox 582 3233 3756 4140">
    <p class='ocr_par' dir='ltr' id='par_1_6' title="bbox 582 3233 3756 4140">
     <span class='ocr_line' id='line_1_21' title="bbox 779 3233 3756 3349; baseline 0.005 -40"><span class='ocrx_word' id='word_1_175' title='bbox 779 3233 1270 3312; x_wconf 75' lang='lat' dir='ltr'><strong>salamandra</strong></span> <span class='ocrx_word' id='word_1_176' title='bbox 1340 3239 1735 3314; x_wconf 81' lang='lat' dir='ltr'><strong>maculata.</strong></span> <span class='ocrx_word' id='word_1_177' title='bbox 1837 3238 1942 3315; x_wconf 83' lang='lat' dir='ltr'><strong>Os</strong></span> <span class='ocrx_word' id='word_1_178' title='bbox 2004 3256 2397 3345; x_wconf 86' lang='lat' dir='ltr'><strong>petrosum</strong></span> <span class='ocrx_word' id='word_1_179' title='bbox 2461 3241 2551 3317; x_wconf 90' lang='lat' dir='ltr'><strong>in</strong></span> <span class='ocrx_word' id='word_1_180' title='bbox 2632 3240 2780 3317; x_wconf 75' lang='lat' dir='ltr'><strong>illa,</strong></span> <span class='ocrx_word' id='word_1_181' title='bbox 2834 3264 3149 3346; x_wconf 83' lang='lat' dir='ltr'><strong>quoque</strong></span> <span class='ocrx_word' id='word_1_182' title='bbox 3214 3242 3756 3349; x_wconf 78' lang='lat' dir='ltr'><strong>labyrinthum</strong></span> 
     </span>
     <span class='ocr_line' id='line_1_22' title="bbox 584 3369 3756 3481; baseline 0.004 -40"><span class='ocrx_word' id='word_1_183' title='bbox 584 3369 972 3456; x_wconf 84' lang='lat' dir='ltr'><strong>continet;</strong></span> <span class='ocrx_word' id='word_1_184' title='bbox 1042 3370 1189 3447; x_wconf 88' lang='lat' dir='ltr'><strong>hoc</strong></span> <span class='ocrx_word' id='word_1_185' title='bbox 1260 3370 1829 3449; x_wconf 86' lang='lat' dir='ltr'><strong>circumdatum</strong></span> <span class='ocrx_word' id='word_1_186' title='bbox 1894 3389 2005 3448; x_wconf 89' lang='lat' dir='ltr'><strong>est</strong></span> <span class='ocrx_word' id='word_1_187' title='bbox 2067 3397 2112 3446; x_wconf 87' lang='lat' dir='ltr'><strong>a</strong></span> <span class='ocrx_word' id='word_1_188' title='bbox 2166 3391 2378 3476; x_wconf 86' lang='lat' dir='ltr'><strong>tergo</strong></span> <span class='ocrx_word' id='word_1_189' title='bbox 2428 3374 2527 3449; x_wconf 91' lang='lat' dir='ltr'><strong>ab</strong></span> <span class='ocrx_word' id='word_1_190' title='bbox 2579 3400 2733 3450; x_wconf 84' lang='lat' dir='ltr'><strong>osse</strong></span> <span class='ocrx_word' id='word_1_191' title='bbox 2782 3373 3207 3481; x_wconf 78' lang='lat' dir='ltr'><strong>occipitali,</strong></span> <span class='ocrx_word' id='word_1_192' title='bbox 3276 3376 3376 3453; x_wconf 87' lang='lat' dir='ltr'><strong>ab</strong></span> <span class='ocrx_word' id='word_1_193' title='bbox 3447 3374 3756 3454; x_wconf 85' lang='lat' dir='ltr'><strong>interna</strong></span> 
     </span>
     <span class='ocr_line' id='line_1_23' title="bbox 587 3501 3756 3611; baseline 0.003 -37"><span class='ocrx_word' id='word_1_194' title='bbox 587 3518 808 3603; x_wconf 88' lang='lat' dir='ltr'><strong>parte</strong></span> <span class='ocrx_word' id='word_1_195' title='bbox 887 3501 985 3576; x_wconf 88' lang='lat' dir='ltr'><strong>ab</strong></span> <span class='ocrx_word' id='word_1_196' title='bbox 1035 3528 1190 3579; x_wconf 86' lang='lat' dir='ltr'><strong>osse</strong></span> <span class='ocrx_word' id='word_1_197' title='bbox 1240 3503 1593 3609; x_wconf 87' lang='lat' dir='ltr'><strong>parietali</strong></span> <span class='ocrx_word' id='word_1_198' title='bbox 1611 3538 1632 3597; x_wconf 84' lang='lat'>3</span> <span class='ocrx_word' id='word_1_199' title='bbox 1724 3503 2049 3580; x_wconf 84' lang='lat' dir='ltr'><strong>inferius</strong></span> <span class='ocrx_word' id='word_1_200' title='bbox 2115 3530 2162 3578; x_wconf 87' lang='lat' dir='ltr'><strong>a</strong></span> <span class='ocrx_word' id='word_1_201' title='bbox 2228 3504 2767 3610; x_wconf 88' lang='lat' dir='ltr'><strong>sphoenoideo.</strong></span> <span class='ocrx_word' id='word_1_202' title='bbox 2871 3503 3468 3611; x_wconf 88' lang='lat' dir='ltr'><strong>Admarginem</strong></span> <span class='ocrx_word' id='word_1_203' title='bbox 3516 3528 3756 3585; x_wconf 81' lang='lat' dir='ltr'><strong>exter·</strong></span> 
     </span>
     <span class='ocr_line' id='line_1_24' title="bbox 584 3635 3754 3745; baseline 0.003 -40"><span class='ocrx_word' id='word_1_204' title='bbox 584 3659 803 3735; x_wconf 46' lang='lat' dir='ltr'><strong>num·</strong></span> <span class='ocrx_word' id='word_1_205' title='bbox 829 3637 1300 3739; x_wconf 79' lang='lat' dir='ltr'><strong>superiorem</strong></span> <span class='ocrx_word' id='word_1_206' title='bbox 1353 3636 1529 3713; x_wconf 87' lang='lat' dir='ltr'><strong>ossis</strong></span> <span class='ocrx_word' id='word_1_207' title='bbox 1577 3637 1861 3741; x_wconf 82' lang='lat' dir='ltr'><strong>petrosi</strong></span> <span class='ocrx_word' id='word_1_208' title='bbox 1911 3637 2445 3745; x_wconf 83' lang='lat' dir='ltr'><strong>tympanicum</strong></span> <span class='ocrx_word' id='word_1_209' title='bbox 2492 3635 2969 3730; x_wconf 86' lang='lat' dir='ltr'><strong>adnectitur,</strong></span> <span class='ocrx_word' id='word_1_210' title='bbox 3029 3638 3244 3742; x_wconf 84' lang='lat' dir='ltr'><strong>quod</strong></span> <span class='ocrx_word' id='word_1_211' title='bbox 3290 3639 3522 3717; x_wconf 84' lang='lat' dir='ltr'><strong>simul</strong></span> <span class='ocrx_word' id='word_1_212' title='bbox 3572 3656 3754 3716; x_wconf 79' lang='lat' dir='ltr'><strong>cuni</strong></span> 
     </span>
     <span class='ocr_line' id='line_1_25' title="bbox 584 3764 3751 3877; baseline 0.003 -43"><span class='ocrx_word' id='word_1_213' title='bbox 584 3787 738 3836; x_wconf 90' lang='lat' dir='ltr'><strong>osse</strong></span> <span class='ocrx_word' id='word_1_214' title='bbox 757 3764 1256 3858; x_wconf 83' lang='lat' dir='ltr'><strong>intermedio,</strong></span> <span class='ocrx_word' id='word_1_215' title='bbox 1294 3796 1337 3844; x_wconf 89' lang='lat' dir='ltr'><strong>a</strong></span> <span class='ocrx_word' id='word_1_216' title='bbox 1364 3766 1887 3862; x_wconf 53' lang='lat' dir='ltr'><strong>cuvierossss)</strong></span> <span class='ocrx_word' id='word_1_217' title='bbox 1919 3770 2026 3846; x_wconf 86' lang='lat' dir='ltr'><strong>sic</strong></span> <span class='ocrx_word' id='word_1_218' title='bbox 2058 3770 2494 3860; x_wconf 87' lang='lat' dir='ltr'><strong>nominato,</strong></span> <span class='ocrx_word' id='word_1_219' title='bbox 2546 3766 2926 3873; x_wconf 85' lang='lat' dir='ltr'><strong>quadrato</strong></span> <span class='ocrx_word' id='word_1_220' title='bbox 2951 3769 3286 3846; x_wconf 86' lang='lat' dir='ltr'><strong>aliorum</strong></span> <span class='ocrx_word' id='word_1_221' title='bbox 3322 3772 3751 3877; x_wconf 86' lang='lat' dir='ltr'><strong>respondet.</strong></span> 
     </span>
     <span class='ocr_line' id='line_1_26' title="bbox 582 3886 3751 4006; baseline 0.003 -37"><span class='ocrx_word' id='word_1_222' title='bbox 582 3893 739 3969; x_wconf 90' lang='lat' dir='ltr'><strong>Sub</strong></span> <span class='ocrx_word' id='word_1_223' title='bbox 792 3886 946 3970; x_wconf 72' lang='lat' dir='ltr'><strong>osse</strong></span> <span class='ocrx_word' id='word_1_224' title='bbox 1021 3903 1465 4005; x_wconf 79' lang='lat' dir='ltr'><strong>tympanico</strong></span> <span class='ocrx_word' id='word_1_225' title='bbox 1530 3900 2119 4006; x_wconf 83' lang='lat' dir='ltr'><strong>pterygoideum</strong></span> <span class='ocrx_word' id='word_1_226' title='bbox 2157 3899 2418 3979; x_wconf 85' lang='lat' dir='ltr'><strong>adhuc</strong></span> <span class='ocrx_word' id='word_1_227' title='bbox 2469 3927 2650 3977; x_wconf 90' lang='lat' dir='ltr'><strong>cum</strong></span> <span class='ocrx_word' id='word_1_228' title='bbox 2696 3918 3000 4006; x_wconf 86' lang='lat' dir='ltr'><strong>petroso</strong></span> <span class='ocrx_word' id='word_1_229' title='bbox 3051 3901 3558 3977; x_wconf 86' lang='lat' dir='ltr'><strong>coniunctum</strong></span> <span class='ocrx_word' id='word_1_230' title='bbox 3607 3922 3751 3995; x_wconf 89' lang='lat' dir='ltr'><strong>est,</strong></span> 
     </span>
     <span class='ocr_line' id='line_1_27' title="bbox 586 4025 3751 4140; baseline 0.004 -38"><span class='ocrx_word' id='word_1_231' title='bbox 586 4025 801 4128; x_wconf 84' lang='lat' dir='ltr'><strong>q&#39;uod</strong></span> <span class='ocrx_word' id='word_1_232' title='bbox 851 4028 936 4103; x_wconf 88' lang='lat' dir='ltr'><strong>in</strong></span> <span class='ocrx_word' id='word_1_233' title='bbox 988 4029 1195 4105; x_wconf 86' lang='lat' dir='ltr'><strong>ranis</strong></span> <span class='ocrx_word' id='word_1_234' title='bbox 1247 4030 1531 4108; x_wconf 85' lang='lat' dir='ltr'><strong>iterum</strong></span> <span class='ocrx_word' id='word_1_235' title='bbox 1583 4035 2080 4113; x_wconf 86' lang='lat' dir='ltr'><strong>inveniemus.</strong></span> <span class='ocrx_word' id='word_1_236' title='bbox 2135 4035 2358 4133; x_wconf 86' lang='lat' dir='ltr'><strong>Quae</strong></span> <span class='ocrx_word' id='word_1_237' title='bbox 2408 4061 2562 4113; x_wconf 86' lang='lat' dir='ltr'><strong>ossa</strong></span> <span class='ocrx_word' id='word_1_238' title='bbox 2614 4053 3005 4139; x_wconf 86' lang='lat' dir='ltr'><strong>petrosum</strong></span> <span class='ocrx_word' id='word_1_239' title='bbox 3056 4033 3383 4111; x_wconf 82' lang='lat' dir='ltr'><strong>maxima</strong></span> <span class='ocrx_word' id='word_1_240' title='bbox 3411 4060 3501 4109; x_wconf 86' lang='lat' dir='ltr'><strong>ex</strong></span> <span class='ocrx_word' id='word_1_241' title='bbox 3531 4058 3751 4140; x_wconf 85' lang='lat' dir='ltr'><strong>parte</strong></span> 
     </span>
    </p>
   </div>
   <div class='ocr_carea' id='block_1_7' title="bbox 667 4280 1462 4479">
    <p class='ocr_par' dir='ltr' id='par_1_7' title="bbox 667 4280 1462 4479">
     <span class='ocr_line' id='line_1_28' title="bbox 810 4280 877 4343; baseline 0 0"><span class='ocrx_word' id='word_1_242' title='bbox 810 4280 877 4343; x_wconf 72' lang='lat' dir='ltr'><em>O</em></span> 
     </span>
     <span class='ocr_line' id='line_1_29' title="bbox 667 4393 1462 4479; baseline 0.01 -29"><span class='ocrx_word' id='word_1_243' title='bbox 667 4396 779 4464; x_wconf 77' lang='lat'><strong>22)</strong></span> <span class='ocrx_word' id='word_1_244' title='bbox 819 4393 976 4454; x_wconf 87' lang='lat' dir='ltr'><strong>Tab.</strong></span> <span class='ocrx_word' id='word_1_245' title='bbox 1021 4395 1074 4455; x_wconf 87' lang='lat'><strong>1.</strong></span> <span class='ocrx_word' id='word_1_246' title='bbox 1119 4393 1251 4479; x_wconf 80' lang='lat' dir='ltr'><strong>Fig.</strong></span> <span class='ocrx_word' id='word_1_247' title='bbox 1298 4415 1358 4457; x_wconf 67' lang='grc' dir='ltr'><strong>α.</strong></span> <span class='ocrx_word' id='word_1_248' title='bbox 1395 4395 1462 4458; x_wconf 78' lang='lat' dir='ltr'><strong>d.</strong></span> 
     </span>
    </p>
   </div>
   <div class='ocr_carea' id='block_1_8' title="bbox 590 4504 1856 4822">
    <p class='ocr_par' dir='ltr' id='par_1_8' title="bbox 590 4504 1856 4822">
     <span class='ocr_line' id='line_1_30' title="bbox 668 4504 1812 4598; baseline 0.011 -33"><span class='ocrx_word' id='word_1_249' title='bbox 668 4507 782 4581; x_wconf 80' lang='lat'><strong>23)</strong></span> <span class='ocrx_word' id='word_1_250' title='bbox 821 4504 1075 4573; x_wconf 50' lang='lat' dir='ltr'><strong>Tab.*1.</strong></span> <span class='ocrx_word' id='word_1_251' title='bbox 1114 4508 1251 4592; x_wconf 80' lang='lat' dir='ltr'><strong>Fig.</strong></span> <span class='ocrx_word' id='word_1_252' title='bbox 1288 4530 1340 4570; x_wconf 78' lang='grc' dir='ltr'><strong>ι.</strong></span> <span class='ocrx_word' id='word_1_253' title='bbox 1384 4512 1445 4573; x_wconf 82' lang='lat' dir='ltr'><strong>d.</strong></span> <span class='ocrx_word' id='word_1_254' title='bbox 1488 4512 1634 4598; x_wconf 77' lang='lat' dir='ltr'><strong>Fig.</strong></span> <span class='ocrx_word' id='word_1_255' title='bbox 1654 4534 1715 4576; x_wconf 83' lang='lat'><strong>2.</strong></span> <span class='ocrx_word' id='word_1_256' title='bbox 1750 4537 1812 4579; x_wconf 85' lang='grc' dir='ltr'><strong>α.</strong></span> 
     </span>
     <span class='ocr_line' id='line_1_31' title="bbox 590 4619 1856 4714; baseline 0.007 -34"><span class='ocrx_word' id='word_1_257' title='bbox 590 4696 597 4701; x_wconf 19' lang='grc' dir='ltr'><strong>ν</strong></span> <span class='ocrx_word' id='word_1_258' title='bbox 668 4619 781 4700; x_wconf 70' lang='lat'><strong>24)</strong></span> <span class='ocrx_word' id='word_1_259' title='bbox 818 4619 977 4688; x_wconf 81' lang='lat' dir='ltr'><strong>Tab.</strong></span> <span class='ocrx_word' id='word_1_260' title='bbox 1023 4620 1075 4686; x_wconf 65' lang='lat' dir='ltr'><strong>Is»</strong></span> <span class='ocrx_word' id='word_1_261' title='bbox 1116 4624 1253 4707; x_wconf 76' lang='lat' dir='ltr'><strong>Fig.</strong></span> <span class='ocrx_word' id='word_1_262' title='bbox 1309 4647 1361 4687; x_wconf 75' lang='grc' dir='ltr'><strong>ε.</strong></span> <span class='ocrx_word' id='word_1_263' title='bbox 1399 4650 1451 4691; x_wconf 84' lang='lat' dir='ltr'><strong>e.</strong></span> <span class='ocrx_word' id='word_1_264' title='bbox 1509 4627 1647 4714; x_wconf 80' lang='lat' dir='ltr'><strong>Fig.</strong></span> <span class='ocrx_word' id='word_1_265' title='bbox 1678 4642 1743 4692; x_wconf 77' lang='grc' dir='ltr'><strong>ἀ.</strong></span> <span class='ocrx_word' id='word_1_266' title='bbox 1778 4632 1856 4691; x_wconf 82' lang='lat' dir='ltr'><strong>·b.</strong></span> 
     </span>
     <span class='ocr_line' id='line_1_32' title="bbox 669 4734 1456 4822; baseline 0.008 -27"><span class='ocrx_word' id='word_1_267' title='bbox 669 4737 783 4810; x_wconf 83' lang='lat'><strong>25)</strong></span> <span class='ocrx_word' id='word_1_268' title='bbox 825 4736 980 4805; x_wconf 78' lang='lat' dir='ltr'><strong>Tab.</strong></span> <span class='ocrx_word' id='word_1_269' title='bbox 1028 4738 1075 4798; x_wconf 88' lang='lat'><strong>1.</strong></span> <span class='ocrx_word' id='word_1_270' title='bbox 1125 4734 1273 4822; x_wconf 72' lang='lat' dir='ltr'><strong>Fig.&#39;</strong></span> <span class='ocrx_word' id='word_1_271' title='bbox 1315 4744 1456 4819; x_wconf 60' lang='lat' dir='ltr'><strong>ns.</strong></span> 
     </span>
    </p>
   </div>
  </div>
 </body>
</html>
