4650 5525
1953 281 2311 398 —.49
2428 341 2546 362 ..,.

668 551 770 630 do
824 548 1075 654 tangit
1147 548 1439 626 statim·
1479 547 1581 624 ad
1654 572 1824 624 aves
1896 546 2298 624 transiens.
2384 521 2552 622 ,Hic
2598 546 3049 641 materiam,
3130 577 3222 628 ex
3286 551 3451 629 eius
3500 554 3868 659 opinione
3927 627 3932 632 ,

670 684 1041 772 calecam,
1094 682 1447 785 lagenam
1500 682 2017 785 complentem
2066 680 2526 784 lapillorum
2580 680 3100 759 cochleariumw
3167 684 3336 759 loco
3387 710 3537 759 esse
3601 686 3862 789 opina·

612 835 846 908 tur,
913 832 1119 891 certe
1185 812 1477 889 mirum
1528 816 1616 891 in
1666 813 1987 890 modum
2037 828 2458 904 mutatam,
2524 831 2620 888 ut
2665 836 2839 887 vere
2890 812 3146 891 dicere
3195 814 3465 904 liceat,
3517 816 3864 921 lapillos,

664 975 826 1053 quo
878 945 1221 1022 firmiora
1287 973 1447 1022 ossa
1500 947 1738 1037 flant,
1789 972 1880 1022 eo
1929 946 2167 1049 magis
2225 943 2762 1049 deliquescere.
2861 949 3038 1023 Non
3085 959 3395 1055 possum
3445 948 3856 1053 equidem,

668 1080 871 1183 quin
920 1080 1254 1156 rationes
1302 1104 1507 1154 meas
1556 1097 1824 1155 contra
1878 1076 2082 1152 hanc
2129 1078 2592 1154 sententiam
2658 1077 3097 1157 statuendas
3161 1082 3519 1187 inprimis
3567 1108 3662 1158 ex
3712 1083 3862 1160 hac

673 1210 1133 1287 animalium
1159 1210 1428 1300 cl'asse,
1474 1208 1705 1288 modo
1756 1210 2257 1316 perlustrata,
2301 1229 2579 1315 petam,
2684 1215 2780 1288 In
2828 1239 2916 1288 ea
2964 1214 3198 1306 enim,
3253 1214 3392 1290 ubi
3444 1216 3697 1322 prima
3725 1243 3855 1293 ru-

671 1341 1020 1430 dimenta
1075 1343 1247 1419 talis
1296 1342 1687 1433 cochleae,
1760 1342 2074 1446 qualem
2140 1342 2420 1417 altiora
2485 1343 2853 1418 animalia
2918 1343 3248 1436 habent,
3319 1347 3712 1424 observare
3765 1349 3858 1423 li-

677 1493 838 1567 cet,
933 1475 999 1551 si
1065 1475 1202 1551 illa
1262 1475 1647 1552 sententia
1710 1501 1924 1564 vera,
2003 1474 2451 1550 inveniatur
2518 1501 2813 1552 necesse
2867 1496 3013 1568 est,
3084 1477 3221 1554 bas
3305 1480 3501 1584 ipsas
3569 1481 3856 1586 primas

671 1606 1030 1686 cochleae
1102 1608 1344 1683 lineas
1426 1608 1648 1712 quasi
1698 1607 2091 1684 efformari
2149 1634 2242 1683 ex
2314 1607 2451 1684 illo
2524 1599 2977 1714 lapillorum
3025 1636 3256 1706 sacco.
3358 1609 3593 1709 Quod
3642 1640 3859 1716 pror-

668 1766 794 1817 sus
840 1740 1068 1818 aliter
1115 1765 1191 1817 se
1240 1739 1562 1834 habere,
1620 1739 1788 1817 iam
1849 1738 2221 1836 vidimus3
2334 1740 2455 1816 vix
2536 1768 2728 1847 opus
2791 1728 2901 1818 est
2964 1744 3309 1848 exempla
3371 1745 3673 1849 singula
3721 1744 3856 1821 ad·-

673 1870 998 1969 ducere3
1038 1957 1051 1968 ⁶
1085 1897 1271 1950 nam
1338 1871 1602 1949 omnia
1665 1873 2066 1968 animalia,
2144 1873 2230 1950 in
2293 1871 2585 1978 quibus
2649 1872 3041 1950 cochleam
3110 1874 3581 1966 invenimus,
3667 1877 3856 1954 item

670 2001 839 2082 uno
912 2006 1363 2113 pluribusve
1452 2003 1742 2111 lapillis
1836 1977 1951 2082 in⁸
2001 2029 2295 2082 recessu
2379 2005 2574 2082 sacci
2653 2005 3135 2082 vestibularis
3187 1999 3562 2082 instructa
3631 2028 3847 2083 sunt:

636 2136 1117 2215 'Crocodilus
1171 2159 1317 2217 tres
1367 2138 1672 2247 lapillos
1723 2159 2028 2246 praeter
2078 2136 2471 2214 cochleam
2517 2138 2790 2229 habet3
2855 2140 3171 2246 ipsaque
3219 2137 3588 2229 Testudo,
3653 2163 3854 2241 quae

672 2293 977 2347 saccum
1048 2273 1542 2379 lapillorum,
1611 2273 2047 2380 plurimum
2112 2299 2154 2347 a
2204 2268 2651 2348 vestibulari
2704 2291 3082 2348 secretum
3131 2271 3473 2378 piscibus
3536 2270 3855 2347 similio-

672 2426 840 2478 rem
887 2402 1161 2492 habet,
1214 2407 1340 2498 ⁸ita
1384 2425 1499 2496 ‚ut
1549 2407 1953 2511 hucusque
2002 2432 2241 2508 quam
2291 2403 2620 2480 maxime
2669 2433 2812 2510 pro
2863 2404 3242 2482 sententia
3291 2403 3608 2479 illorum
3657 2402 3858 2478 viro-

675 2558 858 2607 rum
903 2534 1202 2610 steterit
1230 2593 1251 2628 ,
1302 2537 1460 2611 iam
1509 2537 1730 2613 aliud
1779 2537 2076 2645 accepit
2126 2565 2472 2641 organon
2527 2565 2620 2614 ex
2682 2538 2839 2614 situ
2934 2557 3480 2640 structuraque
3550 2534 3858 2612 meliori

683 2663 857 2740 iure
909 2693 1057 2773 pro
1107 2666 1418 2744 cochlea
1466 2667 1954 2745 babendum..
2041 2671 2249 2746 Num
2349 2669 2547 2747 forte
2612 2668 2814 2773 duae
2878 2668 3230 2746 cochleae
3287 2668 3493 2745 hisce
3564 2668 3860 2745 anima-

674 2798 885 2875 libus
936 2799 1186 2877 tribui
1235 2807 1603 2910 possunt?
1703 2802 1915 2881 Illud
1986 2802 2247 2881 adhuc
2314 2830 2719 2897 moneam,
2783 2831 3024 2909 quam
3070 2831 3355 2911 parum
3406 2799 3866 2893 conveniat,

675 2934 1273 3013 similitudinem
1341 2938 1737 3034 cochleae,
1810 2939 2078 3041 organi
2132 2957 2209 3014 et
2255 2936 2530 3045 primis
2593 2936 2841 3013 initiis
2912 2955 2990 3012 et
3058 2963 3357 3011 summa
3424 2934 3864 3035 evolutio-ne

543 3141 559 3153 „
674 3068 1006 3144 maxima
1102 3093 1193 3142 ex
1246 3088 1465 3173 parte
1530 3068 2041 3145 membranosi
2062 3126 2080 3158 ,
2144 3069 2240 3159 ‚in
2307 3096 2520 3143 sacco
2596 3092 3007 3172 quaerere,
3083 3065 3223 3141 ubi
3294 3064 3642 3142 numeris
3708 3066 3864 3143 suis

674 3199 1273 3278 absolutissimus
1339 3219 1697 3308 apparet,
1789 3199 2033 3281 duris,
2073 3199 2345 3274 calceis
2428 3187 2714 3304 lapillis
2780 3198 3115 3303 referto;
3224 3196 3369 3272 nisi
3440 3196 3619 3301 quis
3684 3224 3868 3273 cum

680 3331 1193 3409 Huschkio
1241 3328 1341 3427 ⁶⁵)
1410 3333 1939 3421 affirmaverit,
2009 3351 2468 3409 contentum
2518 3332 2978 3409 evolationis
3025 3324 3426 3435 progressu
3474 3329 3562 3406 in
3620 3330 3866 3407 couti-

678 3489 871 3541 uens
925 3464 1473 3542 transformari.
1596 3465 1796 3541 Mihi
1849 3464 2168 3567 quidem
2220 3465 2353 3540 hic
2401 3464 2649 3540 omnis
2685 3458 3147 3569 ‘progressus
3200 3482 3527 3539 naturae
3574 3491 3867 3542 accom-

680 3596 1071 3675 modatior
1122 3595 1229 3672 ita
1277 3595 1733 3675 statuendus
1782 3622 1934 3673 esse
1987 3595 2325 3673 videtur:
2379 3590 2634 3669 saccus
2684 3592 3042 3670 vestibuli
3092 3595 3178 3671 in
3226 3595 3469 3702 Sepiis
3518 3595 3864 3671 Cancris-

678 3754 837 3836 que
878 3732 1232 3834 primum
1280 3747 1391 3806 est
1440 3730 1690 3808 omnis
1739 3729 2171 3837 labyrinthi
2222 3727 2874 3824 fundamentum,
2926 3729 3010 3803 in
3062 3727 3304 3835 Sepiis
3351 3726 3508 3804 iam
3558 3753 3863 3804 concre-

683 3877 1041 3936 mentum
1092 3860 1367 3941 durius
1415 3890 1726 3968 gerens·
1707 3923 1729 3960 ‚
1817 3861 2191 3989 dilatatur
2263 3880 2342 3937 et
2408 3859 2999 3989 amplificatur
2977 3888 3064 3934 ιιι
3111 3850 3523 3987 piscibus
3502 3887 3588 3935 ιιι
3637 3886 3862 3936 cana·

677 3992 787 4068 les
833 3992 1470 4092 semicirculares3
1561 3996 2068 4101 coniungitur
2122 3996 2207 4070 in
2258 3980 2654 4069 nudorum
2702 3976 3284 4098 amphibiorum
3330 3988 3866 4100 superioribus

679 4121 1091 4202 ordinibus
1140 4152 1323 4202 cum
1368 4128 1726 4235 partibus
1776 4149 1993 4207 extus
2040 4126 2662 4221 advenientibus,
2740 4150 2924 4201 cavo
2995 4124 3606 4231 membranaque
3654 4145 3866 4232 tym-

680 4254 908 4358 paui3
996 4254 1313 4333 tandem
1380 4258 1467 4334 in
1530 4262 1949 4365 squamatis
1997 4259 2418 4367 amphibiis
2489 4261 2712 4335 tertia
2779 4234 3125 4365 primum
3179 4286 3356 4364 pars
3434 4255 3866 4363 labyrinthi

680 4384 990 4463 cochlea
1055 4409 1380 4499 apparet
1401 4446 1424 4477 ,
1493 4418 1697 4500 quae
1772 4419 1953 4469 cum
2005 4393 2478 4479 vestibulum
2527 4391 2982 4499 canalesque
3032 4391 3444 4471 circulares
3492 4389 3654 4471 fere
3705 4418 3870 4471 non

582 4782 595 4793 ·
668 4738 689 4817 ’ἰ
766 4739 882 4828 65)
925 4741 1078 4806 Loc-
1116 4742 1288 4809 laud.
1335 4766 1478 4830 pag·
1521 4744 1626 4813 26.
