<?xml version="1.0" encoding="UTF-8"?>
<!DOCTYPE html PUBLIC "-//W3C//DTD XHTML 1.0 Transitional//EN"
    "http://www.w3.org/TR/xhtml1/DTD/xhtml1-transitional.dtd">
<html xmlns="http://www.w3.org/1999/xhtml" xml:lang="en" lang="en">
 <head>
  <title>
</title>
<meta http-equiv="Content-Type" content="text/html;charset=utf-8" />
  <meta name='ocr-system' content='tesseract 3.04.00' />
  <meta name='ocr-capabilities' content='ocr_page ocr_carea ocr_par ocr_line ocrx_word'/>
</head>
<body>
  <div class='ocr_page' id='page_1' title='image "./depenitioriauri01windgoog_0034.png"; bbox 0 0 4650 5525; ppageno 0'>
   <div class='ocr_carea' id='block_1_1' title="bbox 2207 240 2801 389">
    <p class='ocr_par' dir='ltr' id='par_1_1' title="bbox 2207 240 2801 389">
     <span class='ocr_line' id='line_1_1' title="bbox 2207 240 2801 389; baseline 0.003 -18"><span class='ocrx_word' id='word_1_1' title='bbox 2207 240 2566 389; x_wconf 59' lang='grc' dir='ltr'>..ζ-,ηε</span> <span class='ocrx_word' id='word_1_2' title='bbox 2681 350 2801 373; x_wconf 89' lang='grc'><strong><em>....</em></strong></span> 
     </span>
    </p>
   </div>
   <div class='ocr_carea' id='block_1_2' title="bbox 794 549 4058 2652">
    <p class='ocr_par' dir='ltr' id='par_1_2' title="bbox 844 549 4027 1060">
     <span class='ocr_line' id='line_1_2' title="bbox 847 549 4025 666; baseline -0.001 -31"><span class='ocrx_word' id='word_1_3' title='bbox 847 557 1204 666; x_wconf 73' lang='lat' dir='ltr'>tympani</span> <span class='ocrx_word' id='word_1_4' title='bbox 1256 576 1647 634; x_wconf 78' lang='lat' dir='ltr'>externam</span> <span class='ocrx_word' id='word_1_5' title='bbox 1694 555 2218 662; x_wconf 84' lang='lat' dir='ltr'>superficiem,</span> <span class='ocrx_word' id='word_1_6' title='bbox 2269 555 2390 631; x_wconf 88' lang='lat' dir='ltr'>uti</span> <span class='ocrx_word' id='word_1_7' title='bbox 2452 553 2792 657; x_wconf 83' lang='lat' dir='ltr'>ubique,</span> <span class='ocrx_word' id='word_1_8' title='bbox 2848 553 3298 630; x_wconf 86' lang='lat' dir='ltr'>membrana</span> <span class='ocrx_word' id='word_1_9' title='bbox 3350 549 3679 630; x_wconf 79' lang='lat' dir='ltr'>maxime</span> <span class='ocrx_word' id='word_1_10' title='bbox 3730 553 4025 648; x_wconf 87' lang='lat' dir='ltr'>tenuis,</span> 
     </span>
     <span class='ocr_line' id='line_1_3' title="bbox 846 682 4017 797; baseline 0 -31"><span class='ocrx_word' id='word_1_11' title='bbox 846 688 1343 797; x_wconf 79' lang='lat' dir='ltr'>epidermidis</span> <span class='ocrx_word' id='word_1_12' title='bbox 1391 690 1896 766; x_wconf 77' lang='lat' dir='ltr'>continuatio.</span> <span class='ocrx_word' id='word_1_13' title='bbox 1996 688 2156 764; x_wconf 88' lang='lat' dir='ltr'>Sub</span> <span class='ocrx_word' id='word_1_14' title='bbox 2207 688 2343 763; x_wconf 89' lang='lat' dir='ltr'>illa</span> <span class='ocrx_word' id='word_1_15' title='bbox 2393 686 2703 763; x_wconf 81' lang='lat' dir='ltr'><strong>densior</strong></span> <span class='ocrx_word' id='word_1_16' title='bbox 2754 686 3153 763; x_wconf 86' lang='lat' dir='ltr'>invenitur</span> <span class='ocrx_word' id='word_1_17' title='bbox 3180 689 3629 763; x_wconf 87' lang='lat' dir='ltr'>membrana</span> <span class='ocrx_word' id='word_1_18' title='bbox 3665 682 4017 794; x_wconf 75' lang='lat' dir='ltr'>tympani</span> 
     </span>
     <span class='ocr_line' id='line_1_4' title="bbox 844 801 4027 929; baseline 0 -32"><span class='ocrx_word' id='word_1_19' title='bbox 844 824 1183 929; x_wconf 86' lang='lat' dir='ltr'>propria.</span> <span class='ocrx_word' id='word_1_20' title='bbox 1236 823 1357 898; x_wconf 89' lang='lat' dir='ltr'>Ab</span> <span class='ocrx_word' id='word_1_21' title='bbox 1377 801 1700 899; x_wconf 71' lang='lat' dir='ltr'>&#39;interno</span> <span class='ocrx_word' id='word_1_22' title='bbox 1752 820 2064 906; x_wconf 87' lang='lat' dir='ltr'>tandem</span> <span class='ocrx_word' id='word_1_23' title='bbox 2096 821 2333 897; x_wconf 80' lang='lat' dir='ltr'>latere</span> <span class='ocrx_word' id='word_1_24' title='bbox 2373 821 2470 895; x_wconf 89' lang='lat' dir='ltr'>ab</span> <span class='ocrx_word' id='word_1_25' title='bbox 2525 819 2658 894; x_wconf 90' lang='lat' dir='ltr'>illa</span> <span class='ocrx_word' id='word_1_26' title='bbox 2711 820 3157 897; x_wconf 89' lang='lat' dir='ltr'>membrana</span> <span class='ocrx_word' id='word_1_27' title='bbox 3197 820 3564 926; x_wconf 68' lang='lat' dir='ltr'>pite.itosa</span> <span class='ocrx_word' id='word_1_28' title='bbox 3594 813 4027 925; x_wconf 60' lang='lat' dir='ltr'>obtegitur,</span> 
     </span>
     <span class='ocr_line' id='line_1_5' title="bbox 845 953 2638 1060; baseline -0.001 -30"><span class='ocrx_word' id='word_1_29' title='bbox 845 981 1046 1059; x_wconf 85' lang='lat' dir='ltr'>quae</span> <span class='ocrx_word' id='word_1_30' title='bbox 1097 981 1404 1031; x_wconf 90' lang='lat' dir='ltr'>omnem</span> <span class='ocrx_word' id='word_1_31' title='bbox 1454 955 1856 1058; x_wconf 77' lang='lat' dir='ltr'>cavitatem</span> <span class='ocrx_word' id='word_1_32' title='bbox 1908 956 2257 1060; x_wconf 82' lang='lat' dir='ltr'>tympani</span> <span class='ocrx_word' id='word_1_33' title='bbox 2309 953 2638 1029; x_wconf 58' lang='lat' dir='ltr'>investit,</span> 
     </span>
    </p>

    <p class='ocr_par' dir='ltr' id='par_1_3' title="bbox 794 1083 4058 2652">
     <span class='ocr_line' id='line_1_6' title="bbox 1044 1083 4025 1191; baseline 0.001 -29"><span class='ocrx_word' id='word_1_34' title='bbox 1044 1087 1463 1162; x_wconf 77' lang='lat' dir='ltr'>ossiculum</span> <span class='ocrx_word' id='word_1_35' title='bbox 1503 1086 1960 1162; x_wconf 82' lang='lat' dir='ltr'>auditorium</span> <span class='ocrx_word' id='word_1_36' title='bbox 1984 1089 2142 1163; x_wconf 86' lang='lat' dir='ltr'>Sca</span> <span class='ocrx_word' id='word_1_37' title='bbox 2172 1084 2464 1191; x_wconf 75' lang='lat' dir='ltr'>rpa67)</span> <span class='ocrx_word' id='word_1_38' title='bbox 2514 1084 2965 1174; x_wconf 81' lang='lat' dir='ltr'>delineavit,</span> <span class='ocrx_word' id='word_1_39' title='bbox 3003 1083 3161 1158; x_wconf 83' lang='lat' dir='ltr'>fere</span> <span class='ocrx_word' id='word_1_40' title='bbox 3186 1101 3527 1188; x_wconf 81' lang='lat' dir='ltr'>quatuor</span> <span class='ocrx_word' id='word_1_41' title='bbox 3568 1084 3812 1160; x_wconf 85' lang='lat' dir='ltr'>lineas</span> <span class='ocrx_word' id='word_1_42' title='bbox 3854 1084 4025 1166; x_wconf 80' lang='lat' dir='ltr'>lon-.-</span> 
     </span>
     <span class='ocr_line' id='line_1_7' title="bbox 839 1216 4026 1322; baseline 0 -30"><span class='ocrx_word' id='word_1_43' title='bbox 839 1245 1068 1321; x_wconf 80' lang='lat' dir='ltr'>gum‚</span> <span class='ocrx_word' id='word_1_44' title='bbox 1150 1219 1517 1322; x_wconf 88' lang='lat' dir='ltr'>operculo</span> <span class='ocrx_word' id='word_1_45' title='bbox 1588 1218 2050 1321; x_wconf 84' lang='lat' dir='ltr'>triangulari</span> <span class='ocrx_word' id='word_1_46' title='bbox 2112 1219 2606 1297; x_wconf 85' lang='lat' dir='ltr'>instructum.</span> <span class='ocrx_word' id='word_1_47' title='bbox 2722 1223 2817 1295; x_wconf 89' lang='lat' dir='ltr'>In</span> <span class='ocrx_word' id='word_1_48' title='bbox 2886 1218 3125 1294; x_wconf 87' lang='lat' dir='ltr'>altera</span> <span class='ocrx_word' id='word_1_49' title='bbox 3195 1216 3676 1293; x_wconf 80' lang='lat' dir='ltr'>extremitate</span> <span class='ocrx_word' id='word_1_50' title='bbox 3727 1216 3811 1295; x_wconf 90' lang='lat' dir='ltr'>in</span> <span class='ocrx_word' id='word_1_51' title='bbox 3862 1243 4026 1294; x_wconf 85' lang='lat' dir='ltr'>car·</span> 
     </span>
     <span class='ocr_line' id='line_1_8' title="bbox 842 1348 4026 1457; baseline 0.001 -33"><span class='ocrx_word' id='word_1_52' title='bbox 842 1350 1241 1452; x_wconf 85' lang='lat' dir='ltr'>tilaginem</span> <span class='ocrx_word' id='word_1_53' title='bbox 1293 1350 1765 1452; x_wconf 83' lang='lat' dir='ltr'>tripartitam</span> <span class='ocrx_word' id='word_1_54' title='bbox 1817 1348 2132 1442; x_wconf 86' lang='lat' dir='ltr'>desinit,</span> <span class='ocrx_word' id='word_1_55' title='bbox 2184 1353 2408 1427; x_wconf 87' lang='lat' dir='ltr'>cuius</span> <span class='ocrx_word' id='word_1_56' title='bbox 2455 1363 2627 1428; x_wconf 87' lang='lat' dir='ltr'>una&#39;</span> <span class='ocrx_word' id='word_1_57' title='bbox 2669 1359 2891 1457; x_wconf 74' lang='lat' dir='ltr'>pars,</span> <span class='ocrx_word' id='word_1_58' title='bbox 2969 1369 3061 1427; x_wconf 87' lang='lat' dir='ltr'>ut</span> <span class='ocrx_word' id='word_1_59' title='bbox 3110 1349 3269 1426; x_wconf 69' lang='lat' dir='ltr'>dixi</span> <span class='ocrx_word' id='word_1_60' title='bbox 3348 1351 3432 1426; x_wconf 89' lang='lat' dir='ltr'>in</span> <span class='ocrx_word' id='word_1_61' title='bbox 3483 1350 3734 1428; x_wconf 87' lang='lat' dir='ltr'>media</span> <span class='ocrx_word' id='word_1_62' title='bbox 3787 1378 4026 1452; x_wconf 81' lang='lat' dir='ltr'>mem-</span> 
     </span>
     <span class='ocr_line' id='line_1_9' title="bbox 836 1481 4020 1586; baseline 0 -29"><span class='ocrx_word' id='word_1_63' title='bbox 836 1482 1086 1557; x_wconf 85' lang='lat' dir='ltr'>brana</span> <span class='ocrx_word' id='word_1_64' title='bbox 1162 1481 1513 1586; x_wconf 75' lang='lat' dir='ltr'>tympani</span> <span class='ocrx_word' id='word_1_65' title='bbox 1583 1481 1985 1574; x_wconf 85' lang='lat' dir='ltr'>adhaeret,</span> <span class='ocrx_word' id='word_1_66' title='bbox 2050 1481 2247 1559; x_wconf 88' lang='lat' dir='ltr'>aliae</span> <span class='ocrx_word' id='word_1_67' title='bbox 2298 1483 2497 1560; x_wconf 78' lang='lat' dir='ltr'>duae</span> <span class='ocrx_word' id='word_1_68' title='bbox 2549 1485 2631 1559; x_wconf 88' lang='lat' dir='ltr'>in</span> <span class='ocrx_word' id='word_1_69' title='bbox 2687 1485 2917 1570; x_wconf 85' lang='lat' dir='ltr'>falce,</span> <span class='ocrx_word' id='word_1_70' title='bbox 2983 1484 3514 1559; x_wconf 81' lang='lat' dir='ltr'>membranam</span> <span class='ocrx_word' id='word_1_71' title='bbox 3566 1483 3852 1559; x_wconf 79' lang='lat' dir='ltr'>hancce</span> <span class='ocrx_word' id='word_1_72' title='bbox 3894 1508 4020 1558; x_wconf 79' lang='lat' dir='ltr'>ex·</span> 
     </span>
     <span class='ocr_line' id='line_1_10' title="bbox 834 1613 4020 1726; baseline 0.001 -36"><span class='ocrx_word' id='word_1_73' title='bbox 834 1613 1192 1719; x_wconf 87' lang='lat' dir='ltr'>cipiente.</span> <span class='ocrx_word' id='word_1_74' title='bbox 1319 1614 1865 1718; x_wconf 32' lang='lat' dir='ltr'>Circuitustac</span> <span class='ocrx_word' id='word_1_75' title='bbox 1931 1616 2387 1724; x_wconf 77' lang='lat' dir='ltr'>magnitudo</span> <span class='ocrx_word' id='word_1_76' title='bbox 2455 1618 2618 1696; x_wconf 84' lang='lat' dir='ltr'>cavi</span> <span class='ocrx_word' id='word_1_77' title='bbox 2685 1617 3034 1726; x_wconf 78' lang='lat' dir='ltr'>tympani</span> <span class='ocrx_word' id='word_1_78' title='bbox 3101 1643 3336 1722; x_wconf 86' lang='lat' dir='ltr'>supra</span> <span class='ocrx_word' id='word_1_79' title='bbox 3414 1617 3569 1692; x_wconf 90' lang='lat' dir='ltr'>iam</span> <span class='ocrx_word' id='word_1_80' title='bbox 3639 1615 4020 1721; x_wconf 78' lang='lat' dir='ltr'>descripta</span> 
     </span>
     <span class='ocr_line' id='line_1_11' title="bbox 794 1747 4020 1852; baseline 0.003 -34"><span class='ocrx_word' id='word_1_81' title='bbox 794 1763 1054 1840; x_wconf 67' lang='lat' dir='ltr'>,sunt3</span> <span class='ocrx_word' id='word_1_82' title='bbox 1125 1772 1316 1849; x_wconf 86' lang='lat' dir='ltr'>quas</span> <span class='ocrx_word' id='word_1_83' title='bbox 1387 1748 1702 1825; x_wconf 80' lang='lat' dir='ltr'>cellulas</span> <span class='ocrx_word' id='word_1_84' title='bbox 1768 1747 2135 1828; x_wconf 80' lang='lat' dir='ltr'>Cuvier</span> <span class='ocrx_word' id='word_1_85' title='bbox 2220 1751 2702 1836; x_wconf 78' lang='lat' dir='ltr'>nominavit,</span> <span class='ocrx_word' id='word_1_86' title='bbox 2776 1768 2980 1828; x_wconf 87' lang='lat' dir='ltr'>certe</span> <span class='ocrx_word' id='word_1_87' title='bbox 3052 1749 3133 1825; x_wconf 92' lang='lat' dir='ltr'>in</span> <span class='ocrx_word' id='word_1_88' title='bbox 3188 1747 3590 1827; x_wconf 89' lang='lat' dir='ltr'>Crocodilo</span> <span class='ocrx_word' id='word_1_89' title='bbox 3664 1748 4020 1852; x_wconf 83' lang='lat' dir='ltr'>nondum</span> 
     </span>
     <span class='ocr_line' id='line_1_12' title="bbox 836 1876 4019 1992; baseline 0.003 -38"><span class='ocrx_word' id='word_1_90' title='bbox 836 1876 1109 1955; x_wconf 87' lang='lat' dir='ltr'>adulto</span> <span class='ocrx_word' id='word_1_91' title='bbox 1159 1881 1420 1985; x_wconf 88' lang='lat' dir='ltr'>potius</span> <span class='ocrx_word' id='word_1_92' title='bbox 1469 1909 1790 1986; x_wconf 79' lang='lat' dir='ltr'>magnae</span> <span class='ocrx_word' id='word_1_93' title='bbox 1840 1884 2196 1961; x_wconf 77' lang='lat' dir='ltr'>cavitates</span> <span class='ocrx_word' id='word_1_94' title='bbox 2244 1911 2394 1966; x_wconf 80' lang='lat' dir='ltr'>esse</span> <span class='ocrx_word' id='word_1_95' title='bbox 2448 1881 2808 1961; x_wconf 85' lang='lat' dir='ltr'>videntur</span> <span class='ocrx_word' id='word_1_96' title='bbox 2856 1884 3064 1960; x_wconf 88' lang='lat' dir='ltr'>inte1</span> <span class='ocrx_word' id='word_1_97' title='bbox 3113 1903 3528 1992; x_wconf 82' lang='lat' dir='ltr'>utramque</span> <span class='ocrx_word' id='word_1_98' title='bbox 3579 1883 3862 1961; x_wconf 85' lang='lat' dir='ltr'>ossium</span> <span class='ocrx_word' id='word_1_99' title='bbox 3911 1883 4019 1962; x_wconf 74' lang='lat' dir='ltr'>ln-</span> 
     </span>
     <span class='ocr_line' id='line_1_13' title="bbox 828 2010 4019 2128; baseline 0.003 -44"><span class='ocrx_word' id='word_1_100' title='bbox 828 2010 1150 2087; x_wconf 84' lang='lat' dir='ltr'>minam.</span> <span class='ocrx_word' id='word_1_101' title='bbox 1251 2011 1397 2128; x_wconf 86' lang='lat' dir='ltr'>Sed</span> <span class='ocrx_word' id='word_1_102' title='bbox 1449 2010 1640 2102; x_wconf 82' lang='lat' dir='ltr'>haec</span> <span class='ocrx_word' id='word_1_103' title='bbox 1689 2034 1937 2092; x_wconf 85' lang='lat' dir='ltr'>aetate</span> <span class='ocrx_word' id='word_1_104' title='bbox 1990 2015 2439 2124; x_wconf 79' lang='lat' dir='ltr'>profectiori</span> <span class='ocrx_word' id='word_1_105' title='bbox 2493 2016 2868 2092; x_wconf 84' lang='lat' dir='ltr'>facillime</span> <span class='ocrx_word' id='word_1_106' title='bbox 2912 2017 3202 2094; x_wconf 87' lang='lat' dir='ltr'>mutari</span> <span class='ocrx_word' id='word_1_107' title='bbox 3256 2034 3593 2122; x_wconf 85' lang='lat' dir='ltr'>possunt</span> <span class='ocrx_word' id='word_1_108' title='bbox 3694 2021 4019 2095; x_wconf 87' lang='lat' dir='ltr'>Antror-</span> 
     </span>
     <span class='ocr_line' id='line_1_14' title="bbox 828 2139 4058 2256; baseline 0.002 -38"><span class='ocrx_word' id='word_1_109' title='bbox 828 2168 1000 2218; x_wconf 85' lang='lat' dir='ltr'>snm</span> <span class='ocrx_word' id='word_1_110' title='bbox 1050 2163 1128 2220; x_wconf 91' lang='lat' dir='ltr'>et</span> <span class='ocrx_word' id='word_1_111' title='bbox 1180 2144 1265 2219; x_wconf 90' lang='lat' dir='ltr'>in</span> <span class='ocrx_word' id='word_1_112' title='bbox 1318 2145 1671 2222; x_wconf 83' lang='lat' dir='ltr'>inferiori</span> <span class='ocrx_word' id='word_1_113' title='bbox 1722 2164 1942 2252; x_wconf 85' lang='lat' dir='ltr'>parte</span> <span class='ocrx_word' id='word_1_114' title='bbox 1964 2139 2232 2223; x_wconf 85' lang='lat' dir='ltr'>huius</span> <span class='ocrx_word' id='word_1_115' title='bbox 2281 2148 2446 2223; x_wconf 75' lang='lat' dir='ltr'>cavi</span> <span class='ocrx_word' id='word_1_116' title='bbox 2497 2167 2860 2256; x_wconf 82' lang='lat' dir='ltr'>apertura</span> <span class='ocrx_word' id='word_1_117' title='bbox 2932 2151 3242 2227; x_wconf 87' lang='lat' dir='ltr'>interna</span> <span class='ocrx_word' id='word_1_118' title='bbox 3304 2148 3523 2224; x_wconf 75' lang='lat' dir='ltr'>tubae</span> <span class='ocrx_word' id='word_1_119' title='bbox 3573 2150 4058 2224; x_wconf 60' lang='lat' dir='ltr'>EusmhIoe&#39;</span> 
     </span>
     <span class='ocr_line' id='line_1_15' title="bbox 827 2275 4012 2423; baseline 0.003 -75"><span class='ocrx_word' id='word_1_120' title='bbox 827 2300 970 2349; x_wconf 81' lang='lat' dir='ltr'>nae</span> <span class='ocrx_word' id='word_1_121' title='bbox 1018 2275 1528 2423; x_wconf 84' lang='lat' dir='ltr'>conspicitur,</span> <span class='ocrx_word' id='word_1_122' title='bbox 1583 2278 1810 2354; x_wconf 91' lang='lat' dir='ltr'>cuius</span> <span class='ocrx_word' id='word_1_123' title='bbox 1861 2280 2151 2358; x_wconf 82' lang='lat' dir='ltr'>canalis</span> <span class='ocrx_word' id='word_1_124' title='bbox 2201 2307 2448 2357; x_wconf 83' lang='lat' dir='ltr'>osseus</span> <span class='ocrx_word' id='word_1_125' title='bbox 2500 2283 2810 2387; x_wconf 73' lang='lat' dir='ltr'>pautim,</span> <span class='ocrx_word' id='word_1_126' title='bbox 2864 2283 3150 2388; x_wconf 83' lang='lat' dir='ltr'>partim</span> <span class='ocrx_word' id='word_1_127' title='bbox 3206 2280 3838 2366; x_wconf 79' lang='lat' dir='ltr'>membranaceus</span> <span class='ocrx_word' id='word_1_128' title='bbox 3881 2298 4012 2357; x_wconf 85' lang='lat' dir='ltr'>est</span> 
     </span>
     <span class='ocr_line' id='line_1_16' title="bbox 827 2405 4016 2519; baseline 0.001 -37"><span class='ocrx_word' id='word_1_129' title='bbox 827 2407 971 2482; x_wconf 89' lang='lat' dir='ltr'>Ille</span> <span class='ocrx_word' id='word_1_130' title='bbox 1021 2405 1403 2512; x_wconf 84' lang='lat' dir='ltr'>incipiens</span> <span class='ocrx_word' id='word_1_131' title='bbox 1470 2434 1513 2483; x_wconf 89' lang='lat' dir='ltr'>a</span> <span class='ocrx_word' id='word_1_132' title='bbox 1582 2407 1966 2485; x_wconf 85' lang='lat' dir='ltr'>foramine</span> <span class='ocrx_word' id='word_1_133' title='bbox 2043 2413 2218 2487; x_wconf 88' lang='lat' dir='ltr'>ossis</span> <span class='ocrx_word' id='word_1_134' title='bbox 2284 2414 2752 2518; x_wconf 79' lang='lat' dir='ltr'>tympanici‚</span> <span class='ocrx_word' id='word_1_135' title='bbox 2822 2414 2981 2488; x_wconf 85' lang='lat' dir='ltr'>fere</span> <span class='ocrx_word' id='word_1_136' title='bbox 3028 2412 3781 2519; x_wconf 85' lang='lat' dir='ltr'>perpendiculariter</span> <span class='ocrx_word' id='word_1_137' title='bbox 3829 2411 4016 2510; x_wconf 69' lang='lat' dir='ltr'>inde</span> 
     </span>
     <span class='ocr_line' id='line_1_17' title="bbox 828 2525 4018 2652; baseline 0.003 -39"><span class='ocrx_word' id='word_1_138' title='bbox 828 2539 1037 2615; x_wconf 89' lang='lat' dir='ltr'>inter</span> <span class='ocrx_word' id='word_1_139' title='bbox 1085 2565 1167 2615; x_wconf 90' lang='lat' dir='ltr'>os</span> <span class='ocrx_word' id='word_1_140' title='bbox 1213 2535 1582 2632; x_wconf 76' lang='lat' dir='ltr'>basilare,</span> <span class='ocrx_word' id='word_1_141' title='bbox 1633 2525 2240 2647; x_wconf 79' lang='lat' dir='ltr'>sphoenoideum</span> <span class='ocrx_word' id='word_1_142' title='bbox 2293 2565 2373 2621; x_wconf 91' lang='lat' dir='ltr'>et</span> <span class='ocrx_word' id='word_1_143' title='bbox 2420 2547 2824 2652; x_wconf 81' lang='lat' dir='ltr'>occipitale</span> <span class='ocrx_word' id='word_1_144' title='bbox 2873 2537 3192 2623; x_wconf 85' lang='lat' dir='ltr'>laterale</span> <span class='ocrx_word' id='word_1_145' title='bbox 3241 2544 3670 2637; x_wconf 74' lang='lat' dir='ltr'>descendit,</span> <span class='ocrx_word' id='word_1_146' title='bbox 3707 2545 4018 2621; x_wconf 81' lang='lat' dir='ltr'>finitur-</span> 
     </span>
    </p>
   </div>
   <div class='ocr_carea' id='block_1_3' title="bbox 826 2671 4013 2881">
    <p class='ocr_par' dir='ltr' id='par_1_4' title="bbox 826 2671 4013 2881">
     <span class='ocr_line' id='line_1_18' title="bbox 827 2671 4013 2784; baseline 0.004 -41"><span class='ocrx_word' id='word_1_147' title='bbox 827 2694 983 2772; x_wconf 88' lang='lat' dir='ltr'>que</span> <span class='ocrx_word' id='word_1_148' title='bbox 1033 2695 1124 2746; x_wconf 91' lang='lat' dir='ltr'>eo</span> <span class='ocrx_word' id='word_1_149' title='bbox 1175 2671 1343 2747; x_wconf 89' lang='lat' dir='ltr'>loco</span> <span class='ocrx_word' id='word_1_150' title='bbox 1393 2673 1535 2747; x_wconf 88' lang='lat' dir='ltr'>ubi</span> <span class='ocrx_word' id='word_1_151' title='bbox 1588 2671 1779 2749; x_wconf 88' lang='lat' dir='ltr'>haec</span> <span class='ocrx_word' id='word_1_152' title='bbox 1832 2675 1980 2750; x_wconf 88' lang='lat' dir='ltr'>tria</span> <span class='ocrx_word' id='word_1_153' title='bbox 2031 2701 2188 2754; x_wconf 84' lang='lat' dir='ltr'>ossa</span> <span class='ocrx_word' id='word_1_154' title='bbox 2226 2680 2741 2775; x_wconf 83' lang='lat' dir='ltr'>conveniunt3</span> <span class='ocrx_word' id='word_1_155' title='bbox 2794 2678 2977 2755; x_wconf 91' lang='lat' dir='ltr'>inde</span> <span class='ocrx_word' id='word_1_156' title='bbox 3028 2678 3130 2755; x_wconf 90' lang='lat' dir='ltr'>ad</span> <span class='ocrx_word' id='word_1_157' title='bbox 3179 2677 3435 2761; x_wconf 77' lang='lat' dir='ltr'>fauces</span> <span class='ocrx_word' id='word_1_158' title='bbox 3484 2703 3730 2784; x_wconf 85' lang='lat' dir='ltr'>usque</span> <span class='ocrx_word' id='word_1_159' title='bbox 3777 2704 4013 2756; x_wconf 79' lang='lat' dir='ltr'>mem-</span> 
     </span>
     <span class='ocr_line' id='line_1_19' title="bbox 826 2800 1864 2881; baseline 0.004 -4"><span class='ocrx_word' id='word_1_160' title='bbox 826 2800 1252 2878; x_wconf 84' lang='lat' dir='ltr'>branaceus</span> <span class='ocrx_word' id='word_1_161' title='bbox 1299 2829 1451 2881; x_wconf 88' lang='lat' dir='ltr'>sese</span> <span class='ocrx_word' id='word_1_162' title='bbox 1500 2804 1864 2881; x_wconf 80' lang='lat' dir='ltr'>extendit.</span> 
     </span>
    </p>
   </div>
   <div class='ocr_carea' id='block_1_4' title="bbox 1969 2987 2897 3087">
    <p class='ocr_par' dir='ltr' id='par_1_5' title="bbox 1969 2987 2897 3087">
     <span class='ocr_line' id='line_1_20' title="bbox 1969 2987 2897 3087; baseline 0.005 -8"><span class='ocrx_word' id='word_1_163' title='bbox 1969 2987 2073 3080; x_wconf 92' lang='grc' dir='ltr'>Β.</span> <span class='ocrx_word' id='word_1_164' title='bbox 2196 2988 2314 3083; x_wconf 84' lang='grc' dir='ltr'>Ῑη</span> <span class='ocrx_word' id='word_1_165' title='bbox 2382 2989 2474 3084; x_wconf 89' lang='lat' dir='ltr'><em>T</em></span> <span class='ocrx_word' id='word_1_166' title='bbox 2457 2990 2897 3087; x_wconf 64' lang='lat' dir='ltr'>testudine.</span> 
     </span>
    </p>
   </div>
   <div class='ocr_carea' id='block_1_5' title="bbox 828 3184 4011 3558">
    <p class='ocr_par' dir='ltr' id='par_1_6' title="bbox 828 3184 4011 3558">
     <span class='ocr_line' id='line_1_21' title="bbox 1010 3184 4011 3301; baseline 0.007 -45"><span class='ocrx_word' id='word_1_167' title='bbox 1010 3184 1147 3261; x_wconf 23' lang='lat' dir='ltr'>{De</span> <span class='ocrx_word' id='word_1_168' title='bbox 1197 3184 1346 3265; x_wconf 89' lang='lat' dir='ltr'>hac</span> <span class='ocrx_word' id='word_1_169' title='bbox 1413 3212 1499 3262; x_wconf 92' lang='lat' dir='ltr'>re</span> <span class='ocrx_word' id='word_1_170' title='bbox 1545 3185 1797 3264; x_wconf 85' lang='lat' dir='ltr'>brevis</span> <span class='ocrx_word' id='word_1_171' title='bbox 1857 3215 2010 3265; x_wconf 87' lang='lat' dir='ltr'>esse</span> <span class='ocrx_word' id='word_1_172' title='bbox 2058 3218 2408 3294; x_wconf 87' lang='lat' dir='ltr'>possum,</span> <span class='ocrx_word' id='word_1_173' title='bbox 2484 3219 2732 3293; x_wconf 85' lang='lat' dir='ltr'>quum</span> <span class='ocrx_word' id='word_1_174' title='bbox 2800 3218 2889 3270; x_wconf 87' lang='lat' dir='ltr'>ea</span> <span class='ocrx_word' id='word_1_175' title='bbox 2938 3195 3039 3271; x_wconf 89' lang='lat' dir='ltr'>sit</span> <span class='ocrx_word' id='word_1_176' title='bbox 3086 3222 3132 3270; x_wconf 90' lang='lat' dir='ltr'>a</span> <span class='ocrx_word' id='word_1_177' title='bbox 3183 3194 3594 3298; x_wconf 86' lang='lat' dir='ltr'>Bojano,</span> <span class='ocrx_word' id='word_1_178' title='bbox 3645 3198 4011 3301; x_wconf 74' lang='lat' dir='ltr'>Scarpa</span> 
     </span>
     <span class='ocr_line' id='line_1_22' title="bbox 830 3317 4008 3429; baseline 0.002 -35"><span class='ocrx_word' id='word_1_179' title='bbox 830 3336 912 3394; x_wconf 90' lang='lat' dir='ltr'>et</span> <span class='ocrx_word' id='word_1_180' title='bbox 976 3317 1278 3393; x_wconf 80' lang='lat' dir='ltr'>Cuvie</span> <span class='ocrx_word' id='word_1_181' title='bbox 1300 3343 1396 3392; x_wconf 93' lang='lat' dir='ltr'>ro</span> <span class='ocrx_word' id='word_1_182' title='bbox 1485 3319 1778 3421; x_wconf 88' lang='lat' dir='ltr'>optime</span> <span class='ocrx_word' id='word_1_183' title='bbox 1810 3400 1816 3409; x_wconf 46' lang='grc'><strong><em>,</em></strong></span> <span class='ocrx_word' id='word_1_184' title='bbox 1847 3346 1939 3394; x_wconf 89' lang='lat' dir='ltr'>ac</span> <span class='ocrx_word' id='word_1_185' title='bbox 2012 3321 2488 3397; x_wconf 81' lang='lat' dir='ltr'>sufficienter</span> <span class='ocrx_word' id='word_1_186' title='bbox 2535 3325 2967 3428; x_wconf 83' lang='lat' dir='ltr'>explanata.</span> <span class='ocrx_word' id='word_1_187' title='bbox 3073 3324 3347 3401; x_wconf 75' lang='lat' dir='ltr'>Cavum</span> <span class='ocrx_word' id='word_1_188' title='bbox 3401 3330 3737 3426; x_wconf 71' lang='lat' dir='ltr'>tympani</span> <span class='ocrx_word' id='word_1_189' title='bbox 3793 3344 4008 3429; x_wconf 83' lang='lat' dir='ltr'>septo</span> 
     </span>
     <span class='ocr_line' id='line_1_23' title="bbox 828 3445 4006 3558; baseline 0.002 -33"><span class='ocrx_word' id='word_1_190' title='bbox 828 3474 1030 3525; x_wconf 86' lang='lat' dir='ltr'>osseo</span> <span class='ocrx_word' id='word_1_191' title='bbox 1084 3447 1169 3523; x_wconf 91' lang='lat' dir='ltr'>in</span> <span class='ocrx_word' id='word_1_192' title='bbox 1217 3445 1408 3524; x_wconf 88' lang='lat' dir='ltr'>duas</span> <span class='ocrx_word' id='word_1_193' title='bbox 1455 3467 1708 3555; x_wconf 88' lang='lat' dir='ltr'>partes</span> <span class='ocrx_word' id='word_1_194' title='bbox 1757 3449 2089 3529; x_wconf 84' lang='lat' dir='ltr'>divisum</span> <span class='ocrx_word' id='word_1_195' title='bbox 2136 3472 2279 3548; x_wconf 87' lang='lat' dir='ltr'>est,</span> <span class='ocrx_word' id='word_1_196' title='bbox 2362 3480 2566 3558; x_wconf 86' lang='lat' dir='ltr'>quae</span> <span class='ocrx_word' id='word_1_197' title='bbox 2610 3456 2768 3537; x_wconf 87' lang='lat' dir='ltr'>solo</span> <span class='ocrx_word' id='word_1_198' title='bbox 2818 3459 3072 3535; x_wconf 87' lang='lat' dir='ltr'>canali</span> <span class='ocrx_word' id='word_1_199' title='bbox 3138 3458 3596 3537; x_wconf 86' lang='lat' dir='ltr'>columellae</span> <span class='ocrx_word' id='word_1_200' title='bbox 3663 3458 4006 3555; x_wconf 82' lang='lat' dir='ltr'>coniun-</span> 
     </span>
    </p>
   </div>
   <div class='ocr_carea' id='block_1_6' title="bbox 824 3582 4146 3697">
    <p class='ocr_par' dir='ltr' id='par_1_7' title="bbox 824 3582 4146 3697">
     <span class='ocr_line' id='line_1_24' title="bbox 824 3582 4146 3697; baseline 0.002 -38"><span class='ocrx_word' id='word_1_201' title='bbox 824 3599 1143 3684; x_wconf 78' lang='lat' dir='ltr'>guntur·</span> <span class='ocrx_word' id='word_1_202' title='bbox 1295 3585 1479 3659; x_wconf 91' lang='lat' dir='ltr'>Pars</span> <span class='ocrx_word' id='word_1_203' title='bbox 1544 3608 1681 3660; x_wconf 84' lang='lat' dir='ltr'>seu</span> <span class='ocrx_word' id='word_1_204' title='bbox 1748 3584 1981 3662; x_wconf 88' lang='lat' dir='ltr'>sectio</span> <span class='ocrx_word' id='word_1_205' title='bbox 2049 3606 2364 3667; x_wconf 80' lang='lat' dir='ltr'>externa</span> <span class='ocrx_word' id='word_1_206' title='bbox 2427 3588 2735 3682; x_wconf 47' lang='lat' dir='ltr'>‚minor</span> <span class='ocrx_word' id='word_1_207' title='bbox 2818 3610 3269 3697; x_wconf 84' lang='lat' dir='ltr'>aperturam</span> <span class='ocrx_word' id='word_1_208' title='bbox 3328 3593 3722 3669; x_wconf 86' lang='lat' dir='ltr'>internam</span> <span class='ocrx_word' id='word_1_209' title='bbox 3770 3590 4012 3667; x_wconf 82' lang='lat' dir='ltr'>-tuhae</span> <span class='ocrx_word' id='word_1_210' title='bbox 4137 3582 4146 3593; x_wconf 61' lang='lat'><em>‘</em></span> 
     </span>
    </p>
   </div>
   <div class='ocr_carea' id='block_1_7' title="bbox 790 3713 4045 4358">
    <p class='ocr_par' dir='ltr' id='par_1_8' title="bbox 790 3713 4045 4358">
     <span class='ocr_line' id='line_1_25' title="bbox 823 3713 4008 3830; baseline 0.004 -40"><span class='ocrx_word' id='word_1_211' title='bbox 823 3713 1385 3795; x_wconf 76' lang='lat' dir='ltr'>Eustachianae</span> <span class='ocrx_word' id='word_1_212' title='bbox 1433 3715 1802 3808; x_wconf 88' lang='lat' dir='ltr'>ostendit,</span> <span class='ocrx_word' id='word_1_213' title='bbox 1853 3744 2057 3823; x_wconf 86' lang='lat' dir='ltr'>qnae</span> <span class='ocrx_word' id='word_1_214' title='bbox 2102 3721 2450 3799; x_wconf 85' lang='lat' dir='ltr'>canalem</span> <span class='ocrx_word' id='word_1_215' title='bbox 2498 3722 2809 3799; x_wconf 87' lang='lat' dir='ltr'>brevem</span> <span class='ocrx_word' id='word_1_216' title='bbox 2854 3723 3233 3811; x_wconf 86' lang='lat' dir='ltr'>formans,</span> <span class='ocrx_word' id='word_1_217' title='bbox 3302 3742 3474 3830; x_wconf 87' lang='lat' dir='ltr'>post</span> <span class='ocrx_word' id='word_1_218' title='bbox 3521 3722 3776 3829; x_wconf 86' lang='lat' dir='ltr'>ipsum</span> <span class='ocrx_word' id='word_1_219' title='bbox 3825 3751 4008 3802; x_wconf 88' lang='lat' dir='ltr'>con-</span> 
     </span>
     <span class='ocr_line' id='line_1_26' title="bbox 823 3846 4003 3961; baseline 0.004 -39"><span class='ocrx_word' id='word_1_220' title='bbox 823 3846 1099 3951; x_wconf 84' lang='lat' dir='ltr'>dylum</span> <span class='ocrx_word' id='word_1_221' title='bbox 1147 3849 1713 3927; x_wconf 86' lang='lat' dir='ltr'>articulationis</span> <span class='ocrx_word' id='word_1_222' title='bbox 1763 3852 1940 3930; x_wconf 84' lang='lat' dir='ltr'>ossis</span> <span class='ocrx_word' id='word_1_223' title='bbox 1986 3851 2386 3931; x_wconf 85' lang='lat' dir='ltr'>mastoidei</span> <span class='ocrx_word' id='word_1_224' title='bbox 2436 3850 2817 3942; x_wconf 81' lang='lat' dir='ltr'>decurrit,</span> <span class='ocrx_word' id='word_1_225' title='bbox 2847 3874 2927 3932; x_wconf 86' lang='lat' dir='ltr'>et</span> <span class='ocrx_word' id='word_1_226' title='bbox 2959 3884 3002 3932; x_wconf 91' lang='lat' dir='ltr'>a</span> <span class='ocrx_word' id='word_1_227' title='bbox 3037 3859 3250 3932; x_wconf 81' lang='lat' dir='ltr'>Sca&#39;r</span> <span class='ocrx_word' id='word_1_228' title='bbox 3265 3882 3382 3961; x_wconf 86' lang='lat' dir='ltr'>pa</span> <span class='ocrx_word' id='word_1_229' title='bbox 3403 3854 3512 3951; x_wconf 43' lang='lat'>⁶⁸),</span> <span class='ocrx_word' id='word_1_230' title='bbox 3541 3855 4003 3961; x_wconf 75' lang='lat' dir='ltr'>optime.de-</span> 
     </span>
     <span class='ocr_line' id='line_1_27' title="bbox 826 3979 4004 4095; baseline 0.002 -36"><span class='ocrx_word' id='word_1_231' title='bbox 826 3979 1117 4059; x_wconf 86' lang='lat' dir='ltr'>lineata</span> <span class='ocrx_word' id='word_1_232' title='bbox 1164 4001 1292 4059; x_wconf 83' lang='lat' dir='ltr'>est.</span> <span class='ocrx_word' id='word_1_233' title='bbox 1392 3986 1905 4088; x_wconf 71' lang='lat' dir='ltr'>&#39;segmentum</span> <span class='ocrx_word' id='word_1_234' title='bbox 1977 3986 2142 4063; x_wconf 87' lang='lat' dir='ltr'>eius</span> <span class='ocrx_word' id='word_1_235' title='bbox 2219 3986 2479 4063; x_wconf 86' lang='lat' dir='ltr'>sulcus</span> <span class='ocrx_word' id='word_1_236' title='bbox 2523 4011 2769 4063; x_wconf 84' lang='lat' dir='ltr'>osseus</span> <span class='ocrx_word' id='word_1_237' title='bbox 2853 4013 3140 4095; x_wconf 87' lang='lat' dir='ltr'>parum</span> <span class='ocrx_word' id='word_1_238' title='bbox 3200 4007 3599 4066; x_wconf 84' lang='lat' dir='ltr'>excavatus</span> <span class='ocrx_word' id='word_1_239' title='bbox 3663 4008 3808 4083; x_wconf 81' lang='lat' dir='ltr'>est,</span> <span class='ocrx_word' id='word_1_240' title='bbox 3884 3989 4004 4091; x_wconf 54' lang='lat' dir='ltr'>in:</span> 
     </span>
     <span class='ocr_line' id='line_1_28' title="bbox 817 4090 4045 4228; baseline 0.003 -41"><span class='ocrx_word' id='word_1_241' title='bbox 817 4108 1060 4197; x_wconf 70' lang='lat' dir='ltr'>serius</span> <span class='ocrx_word' id='word_1_242' title='bbox 1120 4141 1165 4191; x_wconf 91' lang='lat' dir='ltr'>a</span> <span class='ocrx_word' id='word_1_243' title='bbox 1235 4090 1687 4195; x_wconf 83' lang='lat' dir='ltr'>membrana</span> <span class='ocrx_word' id='word_1_244' title='bbox 1737 4118 1972 4196; x_wconf 80' lang='lat' dir='ltr'>firma&#39;</span> <span class='ocrx_word' id='word_1_245' title='bbox 2035 4117 2436 4207; x_wconf 82' lang='lat' dir='ltr'>tendinosa</span> <span class='ocrx_word' id='word_1_246' title='bbox 2480 4117 2894 4201; x_wconf 85' lang='lat' dir='ltr'>clauditur.</span> <span class='ocrx_word' id='word_1_247' title='bbox 3045 4124 3143 4199; x_wconf 87' lang='lat' dir='ltr'>In</span> <span class='ocrx_word' id='word_1_248' title='bbox 3211 4121 3603 4199; x_wconf 86' lang='lat' dir='ltr'>internam</span> <span class='ocrx_word' id='word_1_249' title='bbox 3655 4139 3997 4228; x_wconf 82' lang='lat' dir='ltr'>partem,</span> <span class='ocrx_word' id='word_1_250' title='bbox 4042 4117 4045 4120; x_wconf 61' lang='grc'>’</span> 
     </span>
     <span class='ocr_line' id='line_1_29' title="bbox 790 4245 4001 4358; baseline 0.003 -33"><span class='ocrx_word' id='word_1_251' title='bbox 790 4245 1459 4330; x_wconf 73' lang='lat' dir='ltr'>&#39;antivestibulum</span> <span class='ocrx_word' id='word_1_252' title='bbox 1491 4249 1875 4355; x_wconf 86' lang='lat' dir='ltr'>Bojani,</span> <span class='ocrx_word' id='word_1_253' title='bbox 1917 4250 2135 4331; x_wconf 84' lang='lat' dir='ltr'>sinus</span> <span class='ocrx_word' id='word_1_254' title='bbox 2154 4251 2678 4358; x_wconf 77' lang='lat' dir='ltr'>magnusossis</span> <span class='ocrx_word' id='word_1_255' title='bbox 2694 4250 3138 4349; x_wconf 82' lang='lat' dir='ltr'>mastoidei,</span> <span class='ocrx_word' id='word_1_256' title='bbox 3189 4256 3652 4333; x_wconf 79' lang='lat' dir='ltr'>cellularum</span> <span class='ocrx_word' id='word_1_257' title='bbox 3699 4253 3792 4334; x_wconf 83' lang='lat' dir='ltr'>in</span> <span class='ocrx_word' id='word_1_258' title='bbox 3816 4254 4001 4334; x_wconf 84' lang='lat' dir='ltr'>Cro·</span> 
     </span>
    </p>
   </div>
   <div class='ocr_carea' id='block_1_8' title="bbox 748 4613 2165 4828">
    <p class='ocr_par' dir='ltr' id='par_1_9' title="bbox 748 4613 2165 4828">
     <span class='ocr_line' id='line_1_30' title="bbox 889 4613 2065 4711; baseline -0.003 -25"><span class='ocrx_word' id='word_1_259' title='bbox 889 4621 1004 4708; x_wconf 80' lang='lat'>67)</span> <span class='ocrx_word' id='word_1_260' title='bbox 1048 4621 1402 4711; x_wconf 60' lang='lat' dir='ltr'>Loc.1a‚ud.</span> <span class='ocrx_word' id='word_1_261' title='bbox 1440 4613 1602 4685; x_wconf 68' lang='lat' dir='ltr'>rab.</span> <span class='ocrx_word' id='word_1_262' title='bbox 1644 4620 1727 4685; x_wconf 88' lang='lat' dir='ltr'>v.</span> <span class='ocrx_word' id='word_1_263' title='bbox 1772 4621 1915 4707; x_wconf 68' lang='lat' dir='ltr'>rag.</span> <span class='ocrx_word' id='word_1_264' title='bbox 1967 4636 2065 4683; x_wconf 67' lang='grc' dir='ltr'>ιι.</span> 
     </span>
     <span class='ocr_line' id='line_1_31' title="bbox 748 4738 2165 4828; baseline 0.002 -26"><span class='ocrx_word' id='word_1_265' title='bbox 748 4740 757 4751; x_wconf 88' lang='grc'><em>·</em></span> <span class='ocrx_word' id='word_1_266' title='bbox 820 4804 837 4819; x_wconf 66' lang='grc'><strong>,</strong></span> <span class='ocrx_word' id='word_1_267' title='bbox 886 4738 1000 4821; x_wconf 76' lang='grc' dir='ltr'>σε)</span> <span class='ocrx_word' id='word_1_268' title='bbox 1034 4740 1188 4807; x_wconf 80' lang='lat' dir='ltr'>Loe.</span> <span class='ocrx_word' id='word_1_269' title='bbox 1230 4738 1401 4805; x_wconf 66' lang='lat' dir='ltr'>laud.</span> <span class='ocrx_word' id='word_1_270' title='bbox 1443 4738 1604 4803; x_wconf 73' lang='lat' dir='ltr'>rab.</span> <span class='ocrx_word' id='word_1_271' title='bbox 1644 4740 1726 4805; x_wconf 79' lang='lat' dir='ltr'>v,</span> <span class='ocrx_word' id='word_1_272' title='bbox 1776 4738 1921 4828; x_wconf 52' lang='grc' dir='ltr'>Γᾶς.</span> <span class='ocrx_word' id='word_1_273' title='bbox 1964 4759 2068 4806; x_wconf 72' lang='grc' dir='ltr'>ω.</span> <span class='ocrx_word' id='word_1_274' title='bbox 2113 4765 2165 4805; x_wconf 71' lang='lat'>0.</span> 
     </span>
    </p>
   </div>
  </div>
 </body>
</html>
