4650 5525
1072 281 1113 307 “·
2197 307 2327 324 ·——
2447 252 2801 346 34-

939 517 1438 605 vestibulum,
1489 515 1685 592 alter
1744 511 1839 608 ¹³)
1887 514 2275 594 cochleam
2325 514 2614 593 adibat.
2667 520 2821 594 Vas
2870 519 3206 596 alterum
3264 517 3360 613 ’4)
3403 522 3503 596 ab
3553 539 3866 596 externa
3903 538 4160 624 parte.

940 650 1027 723 in
1078 648 1462 725 cochleam
1529 648 1899 725 veniebat.
2004 647 2536 726 Ostendebant
2597 649 2919 726 omnino
2970 650 3228 739 illam,
3275 677 3512 753 quam
3560 651 4112 754 descripsimus,

938 785 1525 861 diramationem
1575 783 1661 858 in
1718 782 2179 859 membrana
2231 785 2612 867 vaculosa,
2666 781 2795 857 hic
2838 782 3000 858 fere
3023 784 3298 889 plana,
3357 782 3913 885 nonnullisque
3949 803 4114 858 tan-

940 936 1106 992 tum
1158 912 1341 989 locis
1408 914 1728 990 materia
1782 915 2103 1019 pulposa
2172 915 2513 1004 obtecta,
2594 913 3020 1016 iisdemque
3086 914 3295 1018 rugis
3361 913 3667 1016 insigni.
3789 916 4114 989 Materia

932 1064 1200 1122 contra
1254 1070 1343 1120 ea
1372 1101 1390 1135 ,
1438 1072 1640 1148 quae
1691 1046 2037 1147 lagenam
2088 1048 2474 1152 complere
2521 1047 2748 1136 solet,
2824 1047 2909 1122 in
2977 1046 3124 1121 boc
3187 1045 3387 1150 gallo
3452 1048 3739 1149 largior
3806 1046 4111 1133 aderat,

932 1177 1498 1279 maximamque
1550 1196 1849 1281 partem
1897 1179 2043 1254 sub
2094 1179 2257 1283 ipsa
2307 1178 2756 1258 membrana
2809 1180 3179 1255 vasculari
3229 1180 3488 1255 effusa·
3589 1183 3702 1258 Ex
3754 1180 4116 1256 omnibus

929 1309 1180 1398 hisce,
1260 1306 1489 1385 modo
1542 1310 1892 1415 prolatis,
1960 1308 2358 1387 evidenter
2409 1310 2492 1385 id
2542 1311 2738 1387 mihi
2789 1313 3008 1415 sequi
3060 1310 3398 1396 videtur,
3474 1338 3819 1414 organon
3871 1312 4017 1387 boc
4067 1337 4111 1384 a

927 1443 1333 1520 Trevira
1359 1470 1467 1520 no
1511 1442 1899 1519 detectum
1933 1443 2403 1534 laminarum
2435 1441 3046 1533 auditor-iarum,
3099 1443 3216 1519 nil
3264 1443 3480 1519 aliud
3514 1469 3664 1520 esse
3699 1445 3843 1519 nisi
3898 1471 4111 1518 mem-

907 1572 1240 1650 -branam
1290 1577 1739 1649 vascularem
1784 1581 2042 1656 auris,
2110 1576 2344 1677 quale
2395 1575 2481 1649 in
2532 1576 2756 1656 oculo
2808 1602 3088 1679 corpus
3140 1575 3448 1659 ciliare,
3520 1577 3918 1679 pecten'in
3954 1579 4108 1650 avi-

924 1707 1071 1780 bus
1148 1706 1591 1795 invenitur‚
1679 1731 2002 1807 eamque
2070 1705 2504 1794 materiem,
2594 1704 3034 1809 quidquam
3120 1701 3687 1794 rubescentem,
3759 1709 4106 1794 mollem,

921 1864 1123 1941 quae
1174 1837 1465 1948 obtegit
1511 1836 2043 1914 membranam
2095 1837 2311 1912 illam
2368 1866 2510 1942 pro
2559 1838 2725 1914 eius
2774 1857 3100 1928 secreto,
3170 1840 3389 1941 quasi
3457 1839 3951 1943 pigmentum
3997 1858 4109 1913 est

918 1971 1008 2044 in
1059 1971 1330 2058 oculo,
1381 1968 1819 2045 habendam
1867 1994 2045 2044 essee
2138 1971 2348 2046 Num.
2397 1994 2664 2046 nervos
2717 1971 3089 2073 possideat
3135 1995 3224 2044 ea
3289 1971 3759 2052 membrana,
3812 1971 3897 2045 in
3945 1997 4102 2046 sus-

919 2128 1154 2203 penso
1204 2101 1645 2205 relinquere
1692 2099 1957 2176 debeo.
2049 2098 2436 2201 Equidem
2485 2125 2583 2176 ne
2619 2101 3037 2178 minimum
3065 2073 3385 2201 quidem
3436 2100 3660 2176 filum
3701 2125 4106 2176 nervosum

919 2233 1005 2306 in
1090 2233 1224 2306 illa
1273 2257 1351 2307 se
1410 2230 1938 2312 diramantem
2005 2232 2305 2325 inveni,
2391 2233 2744 2333 quamvis·
2801 2231 3164 2318 decursus
3216 2260 3304 2310 ac
3387 2230 3832 2309 distributio
3887 2233 4103 2308 nervi

917 2365 1337 2440 cochlearis
1382 2364 1849 2468 pulcerrima
1902 2390 1992 2438 ac
2039 2365 2442 2467 perspicua
2492 2382 2672 2440 ante
2722 2364 2983 2442 oculos
3030 2384 3234 2443 esset.

1114 2498 1340 2571 Hanc
1387 2495 1632 2601 ipsam
1681 2493 2281 2570 distributionem
2318 2501 2525 2572 nervi
2563 2496 2977 2573 cochlearis
3008 2497 3095 2573 in
3121 2495 3614 2576 subtilissima
3654 2493 4103 2592 membrana

914 2629 1316 2730 bucusque
1367 2655 1410 2703 a
1462 2627 1685 2704 nullo
1738 2625 2113 2731 descripta
2165 2626 2426 2704 inveni
2460 2685 2498 2718 „
2527 2627 2875 2731 primum
2907 2627 3225 2730 quidem
3279 2630 3370 2704 in
3405 2624 3841 2715 Grocodsso,
3893 2643 4096 2712 tum,

916 2788 1165 2862 quum
1228 2759 1571 2863 primum
1621 2757 1721 2833 ad
1768 2758 2028 2835 avium
2079 2757 2424 2834 cochleas
2472 2782 2853 2861 aggressus
2900 2761 3092 2847 sim,
3160 2762 3246 2835 in
3310 2758 3672 2836 omnibus
3719 2757 3885 2832 sine
3935 2756 4100 2831 ulla

915 2892 1403 2997 exceptione,
1459 2917 1602 2968 nec
1655 2919 1817 2968 non
1864 2891 1950 2965 in
2004 2891 2156 2967 illis
2206 2889 2571 2978 cochleis,
2622 2916 2961 2992 quarum
3010 2889 3460 2967 membrana
3510 2888 3890 2964 vasculosa
3941 2888 4098 2963 iam

914 3052 1223 3130 prorsus
1269 3045 1690 3101 evanuerat
1737 3041 1972 3129 atque
2025 3024 2223 3101 bene
2273 3050 2515 3127 aeque
2568 3026 2654 3103 in
2707 3021 3255 3103 recentissimis.
3372 3021 3506 3095 Est
3576 3000 3736 3095 illa'
3776 3018 4097 3122 quidem

915 3158 1359 3235 membrana
1414 3159 1744 3235 maxima
1797 3158 2225 3234 subtilitate
2279 3151 2722 3261 insignis¹⁵)
2774 3153 2982 3237 inter
3027 3152 3454 3257 superiores
3503 3151 3884 3254 margines
3932 3177 4098 3225 car-

920 3289 1332 3388 tilaginum
1381 3288 1734 3361 cochleae
1784 3313 2156 3388 expansa,
2226 3312 2494 3361 verum
2556 3288 2974 3385 analogon‚
3040 3286 3166 3359 uti
3236 3285 3432 3360 mihi
3485 3302 3689 3359 certe
3740 3280 4096 3362 videtur,

914 3420 1259 3510 laminae,
1309 3418 1630 3525 spiralis.
1746 3419 2142 3492 Facillime
2212 3416 2613 3519 rumpit-ur
2691 3432 2769 3488 et
2824 3411 3181 3517 inprimis
3231 3440 3276 3487 a
3325 3410 3778 3515 cartilagine
3858 3434 4091 3485 nervo

780 3598 786 3605 ·
913 3551 1294 3626 cochleari
1356 3551 1701 3656 opposita
1750 3549 2108 3639 solvitur,
2177 3548 2503 3652 ideoque
2569 3548 2867 3651 saepius
2928 3544 3412 3623 solummodo
3502 3543 3726 3618 limbi
3799 3541 4098 3626 instar,

911 3683 1227 3759 fusciori
1274 3683 1531 3759 colore
1581 3682 1932 3785 insignis,
1991 3680 2552 3785 pendentisque
2601 3682 2700 3757 ab
2752 3682 2991 3756 altera
3045 3677 3494 3780 cartilagine
3544 3692 3897 3779 apparet,
3948 3673 4093 3789 qui

917 3817 1205 3893 limbus
1252 3817 1469 3893 nervi
1526 3815 1759 3892 fibras
1812 3816 1968 3890 iam
2022 3812 2552 3891 describendas
2625 3812 2975 3890 ostendit·
3023 3815 3364 3887 Nervum
3416 3805 3778 3911 equidem
3832 3831 3993 3880 non
4039 3833 4085 3877 a

909 3950 1145 4026 latere
1197 3948 1547 4026 inferiori
1598 3951 1934 4053 spatium
1987 3947 2192 4022 inter
2243 3946 2724 4047 cartilagines
2779 3943 3193 4023 adeuntem
3242 3939 3438 4031 vidi,
3492 3936 3708 4043 quod
3754 3938 4090 4012 Trevi-

910 4106 1203 4161 rauus
1252 4078 1655 4167 describit,
1709 4081 1841 4156 sed
1894 4082 1979 4156 in
2047 4081 2382 4156 bulbum
2429 4080 2608 4155 satis
2645 4105 3016 4181 magnum
3067 4098 3496 4154 accrescens
3549 4068 3640 4165 ¹⁶)
3701 4069 3926 4147 lateri
3973 4093 4098 4161 eit-⁸

994 4365 1101 4451 13)
1141 4368 1299 4428 Tab.
1358 4368 1444 4429 Il.
1488 4369 1625 4449 Fig.
1672 4390 1737 4451 9.
1794 4390 1855 4449 g.

995 4482 1094 4565 μί)
1141 4483 1293 4544 Tab.
1345 4484 1427 4544 11.
1485 4483 1623 4566 Fig.
1672 4506 1736 4567 9.
1781 4508 1833 4543 e.

993 4600 1082 4677 15)
1121 4599 1277 4664 Tab.
1330 4600 1407 4661 ll.
1453 4600 1587 4680 Fig.
1637 4602 1696 4663 5.
1730 4605 1780 4663 f.
1846 4600 1976 4681 mg.
2020 4621 2109 4661 ιο*
2156 4623 2219 4663 ev.

991 4717 1081 4799 16)
1122 4718 1274 4782 Tab.
1317 4717 1396 4779 ll.
1451 4717 1581 4799 Fig.
1630 4717 1684 4784 5.
1726 4718 1789 4783 d.
