4650 5525
56 533 103 704 *U*

52 5270 63 5281 ι
50 5142 83 5243 Ἶ-ιμ,
56 5110 59 5111 =
50 4920 57 4935 .„
50 4668 63 4701 ⁷*-
54 4646 55 4649 „

72 5106 79 5147 ..Μ
76 4906 77 4909 „
72 4716 79 4723 .

122 5168 127 5173 .
110 5098 113 5105 Ἰ
106 4974 129 5041 tuf-
108 4930 113 4939 ο
114 4820 121 4845 ‚¹
122 4778 127 4781 .

2133 263 2728 364 ..ιη-

826 543 961 618 illa
1011 539 1463 645 cartilagine
1503 536 1882 640 originem
1930 536 2159 646 capit,
2212 565 2416 643 quae
2465 538 2798 617 introitu
2847 540 3065 617 nervi
3115 539 3544 619 cochlearis.
3579 542 3738 649 ipsa
3791 572 4027 653 oppo-

828 672 972 751 sita
1023 693 1151 749 est.

1014 807 1131 879 Ex
1183 803 1303 894 iis,
1358 827 1558 908 quae
1611 804 1765 880 iam
1816 802 1998 896 dixi,
2051 803 2227 880 satis
2275 829 2664 910 superque
2698 804 2895 881 mibi
2929 807 3232 888 elucere
3259 806 3587 899 videtur,
3630 807 4025 887 cochleam

816 935 1196 1013 Crocodili
1250 963 1341 1012 ex
1391 939 1756 1013 omnibus
1794 936 1966 1012 fere
2017 938 2373 1043 partibus
2423 937 2752 1014 eandem
2800 965 2951 1016 esse
3001 960 3236 1045 atque
3287 941 3507 1018 illam
3555 942 3853 1033 avium,
3925 943 4021 1020 si·

814 1067 1500 1173 militudinemque
1557 1088 1873 1167 tantam,
1924 1090 2021 1148 ut
2071 1071 2278 1148 bono
2331 1070 2501 1146 iure
2554 1073 2976 1175 aequalitas
3023 1073 3415 1150 nominari
3469 1073 3716 1180 possit.
3823 1077 4021 1152 Con·-

810 1220 1110 1303 gruunt
1157 1203 1682 1305 cartilagines,
1753 1204 2114 1307 congruit
2173 1204 2443 1306 lagena
2496 1205 2943 1309 laminaque
3016 1207 3318 1311 spir-alis
3367 1233 3549 1284 cum
3599 1233 4016 1288 nervorum

742 1332 1406 1434 '‘distributione3
1473 1357 1898 1414 consonant
1950 1338 2190 1440 igitur
2239 1356 2492 1444 partes
2543 1338 2919 1414 maximae
2990 1355 3189 1414 certe
3232 1338 3636 1440 dignitatis
3681 1339 4012 1448 simplici

815 1466 1365 1572 aequabilique
1418 1489 1827 1546 structura.
1882 1470 2337 1547 Membrana
2388 1471 2770 1546 vasculosa
2823 1471 3082 1546 minus
3119 1470 3516 1546 constanti
3569 1470 3817 1546 forma
3866 1495 4018 1545 esse
4095 1469 4102 1478 ’

811 1619 1166 1704 apparet,
1223 1601 1308 1675 in
1357 1626 1514 1703 qua
1566 1602 1626 1675 si
1678 1600 1878 1676 forte
1928 1601 2188 1705 plures
2237 1601 2498 1678 adhuc
2554 1603 2956 1679 varietates
3007 1629 3585 1705 cognoscemus,
3666 1603 3782 1678 nil
3834 1627 4015 1679 sane

810 1730 1081 1822 refert,
1137 1757 1321 1806 nam
1372 1729 1494 1816 id,
1549 1732 1765 1837 quod
1817 1731 2076 1825 debet,
2129 1733 2272 1810 sub
2351 1734 2623 1838 quavis
2689 1732 3139 1812 huiusmodi
3211 1734 3459 1811 forma
3526 1758 3769 1837 aeque
3819 1737 4016 1810 bene

812 1865 1279 1967 praestitura
1351 1884 1493 1958 est,
1577 1891 1936 1970 magnam
2007 1894 2362 1944 vasorum
2436 1867 3027 1943 diramationem
3089 1886 3169 1943 et
3235 1866 3864 1944 distributionem
3930 1867 4017 1943 in

812 1997 1059 2100 spatio
1109 2015 1499 2101 quantum
1548 2017 1797 2105 potest
1846 1998 2397 2103 angustissimo.
2496 2000 2763 2102 Neque
2814 1998 3123 2076 difficile
3169 2019 3356 2075 esset
3403 2001 3651 2076 multa
3694 2000 3858 2075 eius
3899 2000 4013 2075 rei

812 2132 1158 2233 exempla
1209 2157 1635 2233 congerere.
1738 2134 2023 2207 Utrum
2071 2131 2353 2208 babeat
2402 2133 2593 2208 haec
2642 2132 3091 2207 membrana
3125 2145 3446 2223 *net-vos,
3503 2157 3644 2208 nec
3695 2156 3833 2220 ne,
3885 2155 4014 2205 ne·

812 2285 968 2362 que
1015 2287 1160 2365 pro
1198 2282 1405 2338 certo
1459 2259 1864 2367 hucusque
1913 2263 2169 2339 dicere
2219 2265 2506 2356 ausim,
2558 2290 2811 2369 neque
2859 2265 2920 2340 si
2971 2263 3294 2339 baberet
3322 2320 3343 2354 ,
3395 2259 3480 2338 id
3527 2280 3797 2337 contra
3845 2286 4016 2336 eam

804 2395 1268 2470 sententiam
1318 2392 1622 2499 aliquid
1671 2396 2021 2471 evincere
2092 2416 2385 2505 posset,
2457 2421 2621 2471 esse
2669 2398 2866 2470 hanc
2911 2394 3419 2471 membranam
3469 2398 3674 2467 inter
3721 2393 4020 2466 cartila-

811 2530 1029 2627 gines
1086 2551 1538 2628 expansam,
1618 2552 1786 2602 cum
1855 2553 2244 2605 nervorum
2308 2529 2689 2629 descripta
2757 2525 3256 2602 dir-amatione
3278 2582 3300 2617 ,
3346 2549 3609 2601 veram
3656 2526 4015 2599 sensatio-

812 2663 934 2732 m‘s
980 2657 1265 2750 sedem,
1351 2685 1623 2735 verum
1685 2659 2011 2737 laminae
2081 2661 2391 2766 spir-alis
2451 2661 2877 2763 analogon,
2960 2656 3304 2762 aliasque
3368 2649 3644 2765 partes]
3715 2677 4012 2754 omnes,

810 2791 1033 2894 quasi
1081 2794 1600 2889 scleroticam,
1680 2795 2203 2871 chorioideam
2271 2820 2456 2870 cum
2508 2816 2831 2898 corpore
2881 2788 3134 2867 ciliari
3183 2788 3286 2869 ad
3335 2788 3710 2878 retinam,
3776 2787 3886 2862 sic
3932 2808 4012 2860 se

809 2919 1100 2999 habere
1148 2922 1250 2999 ad
1302 2921 1517 3001 banc·
1556 2924 2091 3006 membranam
2142 2916 2565 3005 nei-vinam.

1978 3123 2085 3221 C.
2206 3124 2283 3221 I
2270 3162 2338 3220 n
2393 3124 2839 3221 Lucernis.

961 3320 1260 3421 Quodsi
1311 3324 1397 3398 in
1426 3320 1942 3430 descriptione
1986 3327 2348 3402 cochleae
2390 3350 2592 3415 eum,
2641 3348 2879 3427 quem
2909 3316 3315 3425 bucusque
3349 3340 3838 3409 servaveram,
3883 3342 4008 3394 or·

820 3452 1128 3553 dinem,
1168 3456 1583 3567 relinquo,
1633 3454 1716 3531 id
1761 3482 1852 3533 ea
1905 3457 2191 3566 partim
2222 3456 2526 3534 ratione
2575 3456 2711 3552 fit,
2760 3473 2856 3533 ut
2903 3453 3252 3561 partium
3287 3449 3545 3528 adbuc
3583 3442 4011 3528 describen-

812 3584 1098 3668 darum
1144 3591 1572 3695 aequalitas
1618 3615 1710 3666 eo
1758 3589 2193 3702 evidentius
2236 3592 2575 3682 eluceat,
2629 3586 2921 3697 parti'in
2975 3604 3237 3664 autem
3291 3584 3659 3662 transitus
3695 3606 3836 3689 per
3870 3578 4011 3658 hos

813 3720 1274 3799 animalium
1322 3712 1636 3798 ordines
1682 3721 1971 3800 lentior
2019 3722 2156 3800 fiat
2200 3722 2300 3799 ad
2332 3721 2818 3818 testudinem,
2869 3720 2958 3797 in
3004 3742 3165 3824 qua
3214 3740 3375 3794 non
3409 3734 3568 3793 tam
3602 3711 4010 3821 perspicua

820 3855 1227 3959 apparebit
1266 3852 1728 3932 similitudo.

1006 3992 1107 4063 In
1167 3990 1498 4065 Lacertis
1558 3989 1952 4067 cochleam
2012 3987 2449 4066 invenimus
2498 3988 2619 4064 illi
2668 3974 3056 4063 crocodili
3104 3976 3623 4071 simillimam,
3675 3970 3844 4051 eius
3888 3990 4009 4048 ca·-

820 4117 1078 4194 nalem
1151 4120 1307 4194 iam
1371 4122 1457 4197 in
1522 4119 1887 4227 pluribus
1953 4108 2448 4197 Lacertartim
2522 4118 2880 4208 familiis,
2954 4116 3291 4221 ipsisque
3358 4113 3446 4187 in
3511 4104 4011 4214 Serpenfibm

812 4250 981 4341 eius
1020 4249 1425 4355 vestigium
1470 4253 1842 4330 Cuvier
1890 4244 1991 4346 42>
2042 4251 2363 4331 invenit.
2460 4251 2878 4328 Difficilior
2922 4256 3036 4325 est
3091 4246 3416 4325 imaum
3445 4300 3468 4334 ‚
3541 4264 3793 4344 quum
3845 4256 4007 4313 non

822 4399 985 4459 tam
1028 4383 1130 4459 ab
1179 4383 1351 4458 aliis
1394 4383 1685 4462 ossibus
1726 4403 2156 4496 separatus,
2226 4407 2484 4489 neque
2535 4401 2797 4461 tantus
2843 4381 2980 4475 sit,
3034 4394 3378 4485 quantus
3441 4373 3529 4448 in
3578 4359 4007 4485 crocodilo.

891 4769 1000 4857 4²)
1040 4769 1229 4835 Anat.
1277 4789 1547 4856 comper.
1586 4792 1713 4840 von
1758 4770 2081 4838 Meckel
2126 4774 2212 4838 11.
2247 4793 2314 4859 p.
2358 4771 2506 4855 468.
